2930 3847
1385 112 1442 158 15

334 236 432 295 niti
461 234 579 294 quod
610 249 701 279 non
733 234 884 280 vident
913 234 1162 294 Dionysum
1191 250 1290 281 cum
1322 235 1544 280 iuberetur
1573 235 1706 280 remis
1738 251 1880 293 agere,
1913 231 1966 280 οὗ
1994 233 2054 294 μὴ
2090 234 2351 294 φλυαρήσεις
2386 234 2496 291 ἔχων

333 311 431 363 ’ἀλλ’
450 309 776 371 ἇνπρᾶςέλᾷς
794 312 1052 373 προθύμως,
1072 313 1351 374 respondisse
1371 314 1489 375 quod
1510 331 1533 359 e
1553 329 1602 360 re
1623 320 1717 359 erat
1735 312 1829 373 ‘qui
1851 321 2000 375 potero
2027 314 2253 372 remigare,
2286 329 2384 358 cum
2412 315 2495 359 sim

333 391 562 452 imperitus
591 388 856 450 (remigandi
886 389 1086 451 scilicet),
1124 394 1259 439 maris
1295 393 1508 453 navisque
1544 393 1674 454 plane
1705 391 1925 451 ignarus?‘
1970 394 2085 439 Nam
2115 392 2298 451 ἄπειρον
2328 394 2495 454 liquido

333 476 516 530 apparet
544 476 590 515 et
617 468 733 515 hanc
764 469 853 516 vim
883 469 1046 517 habere
1074 468 1145 529 (ut
1172 470 1249 516 ille
1280 470 1390 516 dicit
1418 471 1493 517 τὸν
1523 471 1705 529 ἄπειρον
1724 473 1800 516 τοῦ
1817 470 2048 531 κυβερνᾶν)
2070 481 2114 517 et
2134 479 2225 516 tam
2246 474 2494 532 appositum

333 563 432 595 esse
462 547 564 594 huic
594 549 849 607 sententiae,
882 556 931 594 ut
960 550 1033 595 vel
1062 565 1140 609 per
1169 565 1232 596 sex
1249 549 1390 596 solum
1420 551 1672 595 satisfacere
1703 557 1851 608 posset
1879 549 1991 607 (πῶς
2022 550 2266 610 δυνήσομαι
2295 551 2495 596 ἐλαύνειν

332 625 512 684 ἄπειρος
541 625 637 684 ὄν),
668 625 771 672 hnic
800 633 946 672 autem
977 627 1151 691 egregie
1177 627 1460 673 adnecti-illa
1490 625 1817 681 ἀθαλάττωτος,
1839 626 2140 687 ἀσαλαμίνιος,
2161 646 2272 689 quae
2293 631 2496 687 graviora

334 711 449 762 sunt,
488 704 694 764 qnoniam
724 705 968 762 remigandi
1000 705 1228 764 imperitus
1259 721 1356 751 esse
1387 707 1541 765 possiS‚
1575 707 1749 752 etiamsi
1780 709 1913 752 maris
1944 710 2157 767 navisque
2194 710 2373 765 ignarus
2404 725 2492 753 non

333 780 461 839 siv).
508 782 634 828 Haec
662 783 749 828 tria
781 799 882 828 vero
913 785 1077 842 pariter
1101 799 1157 829 ex
1188 784 1320 843 alpha
1345 786 1558 843 privativo
1584 785 1773 829 formata
1804 786 1911 829 scite
1940 803 2069 830 unam
2098 787 2254 831 seriem
2282 787 2489 843 efficiunt,

335 862 464 922 plane
495 853 550 907 de
581 877 700 907 more
731 876 817 921 quo
847 869 977 921 poeta
1009 863 1078 908 vel
1107 862 1155 907 in
1186 862 1270 908 hac
1298 862 1449 908 fabula
1480 863 1633 909 scribit
1662 862 1789 920 (838)

836 941 972 996 ἔχοντ’
992 938 1204 997 ἀχάλινον
1234 938 1416 997 ἂκρατές
1447 939 1681 998 ἇθιίρρων
1711 941 1861 998 πόμα.

332 1016 459 1075 Quae
489 1018 566 1077 qui
596 1008 840 1076 contulerit,
872 1018 1100 1078 intelliget,
1132 1026 1296 1079 quanto
1318 1034 1448 1079 opere
1478 1020 1541 1063 illi
1573 1019 1721 1064 versui
1752 1019 1987 1075 offecerint,
2018 1019 2093 1078 qui
2122 1035 2199 1078 pro
2227 1018 2405 1076 ἄπειρος
2426 1035 2489 1063 re·

331 1107 492 1157 ponere
512 1103 589 1142 aut
608 1094 679 1143 ἇεί
696 1114 759 1150 τις
778 1105 854 1143 aut
873 1096 1049 1156 ἄγοι-τος
1068 1098 1261 1144 animum
1282 1098 1544 1144 induxerint.
1576 1098 1670 1144 Nos
1687 1098 1953 1143 admiramur
1968 1106 2140 1158 poetam
2158 1106 2319 1158 quanto
2338 1099 2490 1143 scitius

332 1177 574 1222 orationem
609 1177 863 1222 formaverit
892 1192 1023 1238 quam
1059 1177 1269 1237 philologi
1299 1178 1374 1237 qui
1405 1192 1516 1236 quae
1551 1179 1725 1236 fingunt
1757 1178 2009 1237 plerumque
2040 1177 2239 1236 impediti
2270 1194 2351 1222 nec
2382 1179 2490 1222 satis

330 1255 470 1301 libero
502 1256 649 1300 animo
680 1257 811 1301 nimis
843 1271 974 1316 saepe
1003 1272 1091 1301 non
1124 1257 1320 1301 sentiunt
1348 1263 1519 1315 poetam
1549 1272 1638 1301 non
1672 1257 1838 1301 decere.

547 1334 617 1379 De
642 1334 868 1394 Hesychio
896 1335 1088 1380 diximus
1114 1335 1389 1394 et.exemplo
1416 1336 1658 1393 patefacere
1690 1335 1935 1380 studuimus
1964 1351 2076 1394 quae
2102 1335 2274 1380 cautela
2301 1342 2418 1381 esset
2443 1337 2488 1380 in

331 1412 491 1471 glossis
519 1413 613 1458 eius
640 1412 696 1458 ad
723 1414 983 1473 scriptorum
1010 1413 1361 1459 emendationem
1392 1412 1644 1459 referendis.
1693 1410 1780 1459 Sed
1807 1413 1915 1459 haec
1941 1429 2011 1460 res
2034 1429 2121 1459 non
2151 1414 2277 1459 unius
2305 1420 2372 1459 est
2398 1414 2489 1459 He·

331 1489 487 1549 sychii,
505 1507 655 1536 verum
671 1493 808 1552 serpit
822 1493 995 1551 longius
1015 1499 1060 1537 et
1079 1492 1134 1538 ad
1152 1480 1298 1551 plnres
1314 1494 1620 1550 grammaticos
1636 1494 1836 1551 pertinet,
1855 1508 2038 1551 quorum
2053 1477 2317 1538 testimoniis
2333 1494 2487 1538 confisi

334 1567 531 1616 Cobetus
558 1570 773 1631 imprimis
800 1578 845 1616 et
869 1578 970 1631 post
995 1586 1096 1615 eum
1122 1571 1198 1616 alii
1218 1571 1357 1615 multa
1382 1572 1427 1615 in
1449 1571 1597 1616 multis
1625 1571 1910 1629 scriptoribus
1944 1586 2023 1616 suo
2049 1572 2259 1615 arbitratu
2287 1571 2490 1615 novanda

333 1648 564 1694 duxerunt.
611 1650 704 1695 Nos
732 1650 786 1694 de
811 1649 1109 1709 Aristophane
1135 1651 1365 1709 loquimur,
1395 1657 1439 1694 et
1469 1651 1659 1709 exempli
1690 1665 1823 1694 causa
1841 1666 1976 1694 unum
2003 1652 2135 1694 etiam
2164 1651 2307 1694 locum
2335 1666 2487 1708 propo·

275 1784 278 1787 ,
331 1741 497 1783 nemus,
521 1728 645 1791 cuius
666 1728 895 1786 integritas
915 1729 1050 1787 probe
1072 1727 1359 1787 expendenda
1378 1728 1490 1772 alius
1510 1728 1785 1786 grammatici
1805 1727 1893 1772 fide
1915 1729 2173 1773 continetur.
2213 1726 2326 1772 Sunt
2354 1729 2488 1772 verba

329 1806 544 1865 Aeschyli
569 1807 615 1852 in
642 1807 780 1853 Ranis
815 1808 932 1855 1083

1047 1866 1143 1925 κᾷτ’
1162 1869 1210 1913 ἐκ
1240 1866 1402 1913 τούτων
1433 1867 1458 1926 ἦ
1488 1867 1612 1919 πόλις
1643 1865 1764 1925 ἡμῶν

1047 1945 1422 2005 ὑπογραμματέων
1453 1944 1736 2003 ‹inventori-'311

1048 2027 1121 2068 καὶ
1150 2023 1417 2082 βωμολόχων
1447 2022 1762 2082 δημοπιθήκων

870 2103 986 2147 1086
1046 2101 1424 2156 ἐξαπατώντων
1454 2101 1540 2145 τὸν
1570 2101 1731 2159 δῆμον
1762 2100 1865 2152 ἀεί,

1046 2179 1260 2238 λαμπάδα
1291 2182 1331 2224 d·
1353 2178 1492 2230 οὗδεὶς
1522 2179 1612 2230 οἷός
1641 2197 1686 2223 τε
1717 2183 1866 2237 φέρειν

1044 2257 1114 2304 ὑπ’
1135 2256 1409 2316 ἀγυμνασίας
1439 2258 1499 2303 ἔτι
1529 2262 1637 2304 νυνί.

326 2336 396 2383 De
423 2354 552 2384 versu
583 2337 699 2385 1086
726 2337 942 2397 Bergkius
969 2338 1132 2397 primus
1160 2338 1248 2383 iam
1275 2344 1369 2383 tum
1396 2352 1492 2400 cum
1519 2337 1708 2396 primum
1728 2336 2039 2396 Aristophanis
2067 2335 2313 2381 comoedias
2337 2336 2485 2380 ederet

325 2433 365 2463 a.
401 2415 518 2464 1852
549 2416 595 2462 iu
627 2415 894 2481 praefatione
910 2441 913 2444 ⁴
931 2416 1122 2461 breviter
1159 2415 1385 2462 adnotavit
1408 2415 1526 2461 ‘fort
1554 2415 1774 2460 subditius
1807 2413 1908 2473 est',
1941 2416 2073 2475 idque
2104 2417 2263 2459 iterata
2293 2416 2483 2459 editione

324 2512 364 2543 a.
391 2494 507 2543 1867
539 2495 727 2557 repetiit,
760 2509 932 2541 versum
953 2495 1097 2555 ipsum
1119 2508 1200 2540 nec
1220 2495 1317 2540 loco
1338 2495 1476 2540 movit
1504 2508 1646 2554 neque
1673 2495 1801 2540 obelo
1823 2496 2004 2539 notavit.
2052 2493 2152 2550 Quo
2179 2502 2353 2539 auctore
2374 2494 2481 2538 Mei·

324 2574 481 2620 nekius
502 2574 771 2619 confidenter
791 2588 965 2617 versum
987 2588 1067 2617 sua
1087 2573 1191 2617 sede
1210 2575 1510 2631 proturbatum
1535 2574 1583 2617 in
1609 2574 1746 2618 imum
1767 2575 2007 2632 marginem
2028 2574 2253 2631 relegavit.
2296 2573 2481 2617 Eadem·

323 2668 408 2713 que
432 2653 800 2698 menteVelsenus
821 2666 995 2696 versum
1017 2658 1164 2711 utpote
1184 2652 1273 2696 iam
1293 2653 1539 2710 ἐσηγμένον
1558 2667 1695 2697 uncos
1717 2653 1888 2697 trahere
1914 2653 2054 2697 iussit.
2091 2652 2287 2696 Kockius
2309 2667 2480 2710 quoque

322 2740 368 2777 et
394 2731 671 2791 Blaydesius,
701 2731 786 2794 qui.
803 2730 934 2777 istam
961 2730 1223 2776 sententiam
1249 2730 1573 2775 memorandam
1603 2730 1836 2788 duxerunt,
1865 2730 2065 2775 nonnihil
2092 2731 2131 2774 ei
2157 2729 2479 2787 probabilitatis

323 2810 428 2863 dare
459 2810 677 2855 videntur.
715 2807 803 2856 Sed
824 2825 965 2869 neque
985 2808 1031 2854 hi
1052 2809 1126 2869 qui
1147 2809 1361 2867 ἐπέχουσι,
1382 2824 1520 2869 neque
1540 2808 1608 2854 illi
1630 2810 1704 2869 qui
1726 2824 1846 2853 reum
1870 2809 2223 2865 condemnarunt,
2247 2809 2480 2867 quicquam

321 2889 523 2945 rationis,
559 2904 647 2949 quo
672 2889 881 2934 iudicium
907 2888 1070 2933 factum
1105 2889 1444 2946 confirmaretur,
1474 2887 1731 2932 attulerunt:
1768 2895 1816 2931 ut
1841 2889 1988 2945 magni
2024 2888 2163 2931 critici
2199 2887 2361 2940 solent,
2393 2888 2478 2932 sibi

323 2967 443 3013 credi
478 2968 673 3026 cupiunt,
712 2966 1055 3025 argumentando
1086 2968 1345 3011 convincere
1380 2966 1490 3010 nihil
1521 2974 1687 3011 curant.
1740 2965 1866 3010 Unus
1896 2965 2180 3021 Leeuwenus,
2213 2966 2479 3010 novissimus

321 3044 547 3091 Rauarum
578 3046 806 3104 interpres,
838 3060 968 3090 versu
993 3045 1097 3090 item
1124 3044 1170 3090 iu
1198 3043 1523 3090 adnotationem
1553 3044 1714 3090 reiecto
1748 3043 1958 3102 originem
1986 3042 2164 3102 quidem
2190 3042 2479 3088 additamenti

536 3176 572 3223 ⁸)
599 3176 657 3213 Ex
680 3174 730 3213 il·
754 3185 851 3222 quae
874 3174 1011 3212 mulier
1035 3173 1130 3212 (licit
1151 3172 1192 3211 in
1211 3174 1356 3212 Eccles.
1373 3174 1419 3211 37
1445 3174 1465 3211 ὃ
1487 3173 1560 3224 γὰρ
1577 3171 1681 3224 ἀνῆρ,
1707 3177 1930 3224 Σαλαμίνιος
1950 3171 2023 3222 γάρ
2048 3176 2156 3217 ἔστιν,
2180 3168 2211 3223 ᾧ
2232 3171 2371 3223 thum·
2394 3173 2478 3223 ἐγώ,

318 3242 383 3291 τὴν
405 3240 511 3294 nixo·
528 3243 614 3291 ὅλην
637 3243 765 3290 ἤλαυνε·
785 3246 829 3294 μ’
846 3244 885 3280 ἐν
908 3244 981 3285 τοῖς
1009 3238 1233 3292 πρόμοισιν,
1264 3240 1304 3279 ίιι
1335 3239 1587 3288 ambiguitate
1619 3241 1798 3287 obscena,
1835 3239 1880 3277 de
1906 3250 2000 3278 vera
2025 3238 2064 3277 vi
2089 3238 2194 3277 vocis
2219 3250 2294 3277 non
2320 3241 2476 3279 multum

319 3309 492 3349 discitur.
759 3308 763 3312 ’
