<?xml version="1.0" encoding="UTF-8"?>
<!DOCTYPE html PUBLIC "-//W3C//DTD XHTML 1.0 Transitional//EN"
    "http://www.w3.org/TR/xhtml1/DTD/xhtml1-transitional.dtd">
<html xmlns="http://www.w3.org/1999/xhtml" xml:lang="en" lang="en">
 <head>
  <title>
</title>
<meta http-equiv="Content-Type" content="text/html;charset=utf-8" />
  <meta name='ocr-system' content='tesseract 3.04.00' />
  <meta name='ocr-capabilities' content='ocr_page ocr_carea ocr_par ocr_line ocrx_word'/>
</head>
<body>
  <div class='ocr_page' id='page_1' title='image "4775037_0016.png"; bbox 0 0 2930 3847; ppageno 0'>
   <div class='ocr_carea' id='block_1_1' title="bbox 1442 157 1503 202">
    <p class='ocr_par' dir='ltr' id='par_1_1' title="bbox 1442 157 1503 202">
     <span class='ocr_line' id='line_1_1' title="bbox 1442 157 1503 202; baseline 0 0"><span class='ocrx_word' id='word_1_1' title='bbox 1442 157 1503 202; x_wconf 88' lang='lat'><strong>10</strong></span> 
     </span>
    </p>
   </div>
   <div class='ocr_carea' id='block_1_2' title="bbox 373 271 2554 3255">
    <p class='ocr_par' dir='ltr' id='par_1_2' title="bbox 871 271 1893 336">
     <span class='ocr_line' id='line_1_2' title="bbox 871 271 1893 336; baseline -0.002 -13"><span class='ocrx_word' id='word_1_2' title='bbox 871 277 963 323; x_wconf 76' lang='lat'><strong>975</strong></span> <span class='ocrx_word' id='word_1_3' title='bbox 1024 279 1318 335; x_wconf 66' lang='grc' dir='ltr'><strong><em>ξυστρέψας</em></strong></span> <span class='ocrx_word' id='word_1_4' title='bbox 1340 271 1452 336; x_wconf 64' lang='grc' dir='ltr'><strong><em>καὶ]</em></strong></span> <span class='ocrx_word' id='word_1_5' title='bbox 1482 275 1893 331; x_wconf 70' lang='grc' dir='ltr'><strong><em>ευγγογγυλίσας</em></strong></span> 
     </span>
    </p>

    <p class='ocr_par' dir='ltr' id='par_1_3' title="bbox 1020 357 1702 415">
     <span class='ocr_line' id='line_1_3' title="bbox 1020 357 1702 415; baseline -0.001 -14"><span class='ocrx_word' id='word_1_6' title='bbox 1020 358 1159 412; x_wconf 73' lang='grc' dir='ltr'><strong><em>οἴχοιο</em></strong></span> <span class='ocrx_word' id='word_1_7' title='bbox 1190 359 1354 415; x_wconf 65' lang='grc' dir='ltr'><strong><em>φόρων,</em></strong></span> <span class='ocrx_word' id='word_1_8' title='bbox 1383 357 1478 401; x_wconf 65' lang='grc' dir='ltr'><strong><em>εἶτα</em></strong></span> <span class='ocrx_word' id='word_1_9' title='bbox 1506 357 1702 413; x_wconf 61' lang='grc' dir='ltr'><strong>μεθείης,</strong></span> 
     </span>
    </p>

    <p class='ocr_par' dir='ltr' id='par_1_4' title="bbox 379 430 1871 572">
     <span class='ocr_line' id='line_1_4' title="bbox 1019 430 1871 493; baseline -0.002 -14"><span class='ocrx_word' id='word_1_10' title='bbox 1019 431 1046 493; x_wconf 71' lang='grc' dir='ltr'><em>ἢ</em></span> <span class='ocrx_word' id='word_1_11' title='bbox 1078 434 1139 479; x_wconf 76' lang='grc' dir='ltr'><strong>δὲ’</strong></span> <span class='ocrx_word' id='word_1_12' title='bbox 1158 435 1321 493; x_wconf 64' lang='grc' dir='ltr'><strong><em>φέροιτ’</em></strong></span> <span class='ocrx_word' id='word_1_13' title='bbox 1340 430 1402 480; x_wconf 76' lang='grc' dir='ltr'><strong><em>αὖ</em></strong></span> <span class='ocrx_word' id='word_1_14' title='bbox 1430 431 1565 479; x_wconf 75' lang='grc' dir='ltr'><strong><em>πάλιν</em></strong></span> <span class='ocrx_word' id='word_1_15' title='bbox 1593 434 1657 485; x_wconf 65' lang='grc' dir='ltr'><strong>εἷς</strong></span> <span class='ocrx_word' id='word_1_16' title='bbox 1685 430 1762 491; x_wconf 70' lang='grc' dir='ltr'><strong>τὴν</strong></span> <span class='ocrx_word' id='word_1_17' title='bbox 1790 433 1871 487; x_wconf 65' lang='grc' dir='ltr'><strong>γέν</strong></span> 
     </span>
     <span class='ocr_line' id='line_1_5' title="bbox 379 510 1183 572; baseline 0.002 -15"><span class='ocrx_word' id='word_1_18' title='bbox 379 520 423 558; x_wconf 85' lang='lat' dir='ltr'><strong>et</strong></span> <span class='ocrx_word' id='word_1_19' title='bbox 447 512 495 557; x_wconf 86' lang='lat' dir='ltr'><strong>hi</strong></span> <span class='ocrx_word' id='word_1_20' title='bbox 516 513 563 557; x_wconf 88' lang='lat' dir='ltr'><strong>in</strong></span> <span class='ocrx_word' id='word_1_21' title='bbox 591 511 1060 571; x_wconf 79' lang='lat' dir='ltr'><strong>Thesmophoria&#39;zusis</strong></span> <span class='ocrx_word' id='word_1_22' title='bbox 1080 510 1183 572; x_wconf 85' lang='lat'>(59)</span> 
     </span>
    </p>

    <p class='ocr_par' dir='ltr' id='par_1_5' title="bbox 1020 591 1772 650">
     <span class='ocr_line' id='line_1_6' title="bbox 1020 591 1772 650; baseline 0 -13"><span class='ocrx_word' id='word_1_23' title='bbox 1020 591 1068 643; x_wconf 83' lang='grc' dir='ltr'><strong><em>ὃς</em></strong></span> <span class='ocrx_word' id='word_1_24' title='bbox 1099 594 1271 649; x_wconf 65' lang='grc' dir='ltr'><strong><em>δτοιμος</em></strong></span> <span class='ocrx_word' id='word_1_25' title='bbox 1300 592 1380 637; x_wconf 76' lang='grc' dir='ltr'><strong>σοῦ</strong></span> <span class='ocrx_word' id='word_1_26' title='bbox 1410 593 1487 637; x_wconf 79' lang='grc' dir='ltr'><strong>τοῦ</strong></span> <span class='ocrx_word' id='word_1_27' title='bbox 1516 607 1560 636; x_wconf 75' lang='grc' dir='ltr'><strong>τε</strong></span> <span class='ocrx_word' id='word_1_28' title='bbox 1591 591 1772 650; x_wconf 65' lang='grc' dir='ltr'><strong><em>ποιητοῦ</em></strong></span> 
     </span>
    </p>

    <p class='ocr_par' dir='ltr' id='par_1_6' title="bbox 1021 669 1851 735">
     <span class='ocr_line' id='line_1_7' title="bbox 1021 669 1851 735; baseline -0.001 -19"><span class='ocrx_word' id='word_1_29' title='bbox 1021 671 1098 716; x_wconf 69' lang='grc' dir='ltr'><strong>τοῦ</strong></span> <span class='ocrx_word' id='word_1_30' title='bbox 1126 670 1386 735; x_wconf 50' lang='lat' dir='ltr'><strong>nazzano&amp;</strong></span> <span class='ocrx_word' id='word_1_31' title='bbox 1413 669 1527 716; x_wconf 68' lang='grc' dir='ltr'><strong><em>κατὰ</em></strong></span> <span class='ocrx_word' id='word_1_32' title='bbox 1557 670 1635 716; x_wconf 72' lang='grc' dir='ltr'><strong>τοῦ</strong></span> <span class='ocrx_word' id='word_1_33' title='bbox 1662 669 1851 728; x_wconf 63' lang='grc' dir='ltr'><strong><em>θριγκοῦ</em></strong></span> 
     </span>
    </p>

    <p class='ocr_par' dir='ltr' id='par_1_7' title="bbox 1019 744 1815 807">
     <span class='ocr_line' id='line_1_8' title="bbox 1019 744 1815 807; baseline -0.003 -12"><span class='ocrx_word' id='word_1_34' title='bbox 1019 750 1333 806; x_wconf 73' lang='grc' dir='ltr'><strong><em>γογγυλίσας</em></strong></span> <span class='ocrx_word' id='word_1_35' title='bbox 1364 746 1471 806; x_wconf 66' lang='grc' dir='ltr'><strong><em>[καὶ</em></strong></span> <span class='ocrx_word' id='word_1_36' title='bbox 1503 744 1815 807; x_wconf 69' lang='grc' dir='ltr'><strong><em>συστρέψας]</em></strong></span> 
     </span>
    </p>

    <p class='ocr_par' dir='ltr' id='par_1_8' title="bbox 374 826 2554 1516">
     <span class='ocr_line' id='line_1_9' title="bbox 1021 826 1628 885; baseline 0.002 -13"><span class='ocrx_word' id='word_1_37' title='bbox 1021 830 1138 873; x_wconf 73' lang='grc' dir='ltr'><strong><em>τουτὶ</em></strong></span> <span class='ocrx_word' id='word_1_38' title='bbox 1167 826 1216 872; x_wconf 78' lang='grc' dir='ltr'><strong>τὸ</strong></span> <span class='ocrx_word' id='word_1_39' title='bbox 1244 831 1348 878; x_wconf 72' lang='grc' dir='ltr'><strong><em>πέος</em></strong></span> <span class='ocrx_word' id='word_1_40' title='bbox 1376 829 1628 885; x_wconf 74' lang='grc' dir='ltr'><strong><em>χοανεῦσαι,</em></strong></span> 
     </span>
     <span class='ocr_line' id='line_1_10' title="bbox 376 904 2551 965; baseline 0 -15"><span class='ocrx_word' id='word_1_41' title='bbox 376 906 424 950; x_wconf 88' lang='lat' dir='ltr'><strong>in</strong></span> <span class='ocrx_word' id='word_1_42' title='bbox 455 906 616 965; x_wconf 86' lang='lat' dir='ltr'><strong>quibus</strong></span> <span class='ocrx_word' id='word_1_43' title='bbox 644 906 798 951; x_wconf 87' lang='lat' dir='ltr'><strong>eadem</strong></span> <span class='ocrx_word' id='word_1_44' title='bbox 820 906 952 951; x_wconf 92' lang='lat' dir='ltr'><strong>nobis</strong></span> <span class='ocrx_word' id='word_1_45' title='bbox 973 907 1174 965; x_wconf 85' lang='lat' dir='ltr'><strong>quaestio</strong></span> <span class='ocrx_word' id='word_1_46' title='bbox 1199 905 1410 965; x_wconf 75' lang='lat' dir='ltr'><strong>agitanda</strong></span> <span class='ocrx_word' id='word_1_47' title='bbox 1429 913 1510 963; x_wconf 85' lang='lat' dir='ltr'><strong>est,</strong></span> <span class='ocrx_word' id='word_1_48' title='bbox 1542 905 1688 951; x_wconf 82' lang='lat' dir='ltr'><strong>sintne</strong></span> <span class='ocrx_word' id='word_1_49' title='bbox 1707 904 1830 963; x_wconf 83' lang='lat' dir='ltr'><strong>haec,</strong></span> <span class='ocrx_word' id='word_1_50' title='bbox 1863 911 2004 951; x_wconf 85' lang='lat' dir='ltr'><strong>metro</strong></span> <span class='ocrx_word' id='word_1_51' title='bbox 2029 905 2234 952; x_wconf 78' lang='lat' dir='ltr'><strong>videlicet</strong></span> <span class='ocrx_word' id='word_1_52' title='bbox 2253 921 2342 951; x_wconf 88' lang='lat' dir='ltr'><strong>uon</strong></span> <span class='ocrx_word' id='word_1_53' title='bbox 2363 905 2551 962; x_wconf 85' lang='lat' dir='ltr'><strong>turbato,</strong></span> 
     </span>
     <span class='ocr_line' id='line_1_11' title="bbox 376 981 2553 1044; baseline -0.001 -14"><span class='ocrx_word' id='word_1_54' title='bbox 376 984 502 1030; x_wconf 84' lang='lat' dir='ltr'><strong>falsis</strong></span> <span class='ocrx_word' id='word_1_55' title='bbox 536 984 850 1030; x_wconf 71' lang='lat' dir='ltr'><strong>additamentis</strong></span> <span class='ocrx_word' id='word_1_56' title='bbox 885 992 1016 1030; x_wconf 88' lang='lat' dir='ltr'><strong>aucta</strong></span> <span class='ocrx_word' id='word_1_57' title='bbox 1041 1001 1099 1030; x_wconf 85' lang='lat' dir='ltr'><strong>an</strong></span> <span class='ocrx_word' id='word_1_58' title='bbox 1133 1001 1222 1030; x_wconf 93' lang='lat' dir='ltr'><strong>non</strong></span> <span class='ocrx_word' id='word_1_59' title='bbox 1255 985 1358 1030; x_wconf 90' lang='lat' dir='ltr'><strong>sint.</strong></span> <span class='ocrx_word' id='word_1_60' title='bbox 1403 984 1458 1030; x_wconf 91' lang='lat' dir='ltr'><strong>In</strong></span> <span class='ocrx_word' id='word_1_61' title='bbox 1491 1000 1578 1044; x_wconf 87' lang='lat' dir='ltr'><strong>qua</strong></span> <span class='ocrx_word' id='word_1_62' title='bbox 1603 1000 1651 1030; x_wconf 90' lang='lat' dir='ltr'><strong>re</strong></span> <span class='ocrx_word' id='word_1_63' title='bbox 1680 982 1876 1029; x_wconf 81' lang='lat' dir='ltr'><strong>ordimur</strong></span> <span class='ocrx_word' id='word_1_64' title='bbox 1902 984 1960 1030; x_wconf 89' lang='lat' dir='ltr'><strong>ab</strong></span> <span class='ocrx_word' id='word_1_65' title='bbox 1992 983 2190 1030; x_wconf 84' lang='lat' dir='ltr'><strong>eiusdem</strong></span> <span class='ocrx_word' id='word_1_66' title='bbox 2217 981 2377 1031; x_wconf 84' lang='lat' dir='ltr'><strong>Gobeti</strong></span> <span class='ocrx_word' id='word_1_67' title='bbox 2404 982 2553 1042; x_wconf 85' lang='lat' dir='ltr'><strong>dispu-</strong></span> 
     </span>
     <span class='ocr_line' id='line_1_12' title="bbox 376 1062 2550 1123; baseline 0 -16"><span class='ocrx_word' id='word_1_68' title='bbox 376 1063 543 1108; x_wconf 86' lang='lat' dir='ltr'><strong>tatione</strong></span> <span class='ocrx_word' id='word_1_69' title='bbox 570 1064 616 1108; x_wconf 88' lang='lat' dir='ltr'><strong>in</strong></span> <span class='ocrx_word' id='word_1_70' title='bbox 639 1063 787 1108; x_wconf 86' lang='lat' dir='ltr'><strong>Variis</strong></span> <span class='ocrx_word' id='word_1_71' title='bbox 808 1063 1098 1109; x_wconf 77' lang='lat' dir='ltr'><strong>Lectionibus</strong></span> <span class='ocrx_word' id='word_1_72' title='bbox 1119 1080 1147 1108; x_wconf 89' lang='lat' dir='ltr'><strong>a</strong></span> <span class='ocrx_word' id='word_1_73' title='bbox 1172 1079 1216 1123; x_wconf 86' lang='lat' dir='ltr'><strong>p.</strong></span> <span class='ocrx_word' id='word_1_74' title='bbox 1240 1064 1328 1109; x_wconf 73' lang='lat'><strong>3⁷5</strong></span> <span class='ocrx_word' id='word_1_75' title='bbox 1355 1065 1569 1123; x_wconf 85' lang='lat' dir='ltr'><strong>exposita.</strong></span> <span class='ocrx_word' id='word_1_76' title='bbox 1612 1062 1703 1120; x_wconf 82' lang='lat' dir='ltr'><strong>Qui</strong></span> <span class='ocrx_word' id='word_1_77' title='bbox 1728 1070 2015 1123; x_wconf 83' lang='lat' dir='ltr'><strong>posteaquam</strong></span> <span class='ocrx_word' id='word_1_78' title='bbox 2041 1071 2263 1109; x_wconf 86' lang='lat' dir='ltr'><strong>oratorum</strong></span> <span class='ocrx_word' id='word_1_79' title='bbox 2289 1064 2550 1119; x_wconf 80' lang='lat' dir='ltr'><strong>Atticorum,</strong></span> 
     </span>
     <span class='ocr_line' id='line_1_13' title="bbox 376 1140 2554 1201; baseline -0 -15"><span class='ocrx_word' id='word_1_80' title='bbox 376 1140 705 1199; x_wconf 79' lang='lat' dir='ltr'>Demosthenis,</span> <span class='ocrx_word' id='word_1_81' title='bbox 738 1140 951 1187; x_wconf 85' lang='lat' dir='ltr'><strong>Isocratis</strong></span> <span class='ocrx_word' id='word_1_82' title='bbox 980 1141 1201 1187; x_wconf 87' lang='lat' dir='ltr'><strong>orationes</strong></span> <span class='ocrx_word' id='word_1_83' title='bbox 1233 1140 1374 1187; x_wconf 77' lang='lat' dir='ltr'><strong>foedis</strong></span> <span class='ocrx_word' id='word_1_84' title='bbox 1407 1141 1669 1201; x_wconf 83' lang='lat' dir='ltr'><strong>quibusdam</strong></span> <span class='ocrx_word' id='word_1_85' title='bbox 1703 1141 1982 1200; x_wconf 76' lang='lat' dir='ltr'><strong>glossematis</strong></span> <span class='ocrx_word' id='word_1_86' title='bbox 2014 1140 2192 1199; x_wconf 79' lang='lat' dir='ltr'><strong>levavit,</strong></span> <span class='ocrx_word' id='word_1_87' title='bbox 2225 1141 2309 1187; x_wconf 87' lang='lat' dir='ltr'><strong>hoc</strong></span> <span class='ocrx_word' id='word_1_88' title='bbox 2333 1140 2554 1201; x_wconf 82' lang='lat' dir='ltr'><strong>praefatus</strong></span> 
     </span>
     <span class='ocr_line' id='line_1_14' title="bbox 374 1216 2554 1281; baseline 0 -16"><span class='ocrx_word' id='word_1_89' title='bbox 374 1218 520 1265; x_wconf 85' lang='lat' dir='ltr'><strong>‘Nihil</strong></span> <span class='ocrx_word' id='word_1_90' title='bbox 550 1225 620 1266; x_wconf 90' lang='lat' dir='ltr'><strong>est</strong></span> <span class='ocrx_word' id='word_1_91' title='bbox 646 1219 796 1266; x_wconf 86' lang='lat' dir='ltr'><strong>Poetis</strong></span> <span class='ocrx_word' id='word_1_92' title='bbox 828 1220 874 1265; x_wconf 91' lang='lat' dir='ltr'><strong>in</strong></span> <span class='ocrx_word' id='word_1_93' title='bbox 907 1226 1047 1266; x_wconf 87' lang='lat' dir='ltr'><strong>metro</strong></span> <span class='ocrx_word' id='word_1_94' title='bbox 1079 1219 1288 1279; x_wconf 84' lang='lat' dir='ltr'><strong>praesidii</strong></span> <span class='ocrx_word' id='word_1_95' title='bbox 1321 1219 1533 1267; x_wconf 80' lang='lat' dir='ltr'><strong>adversus</strong></span> <span class='ocrx_word' id='word_1_96' title='bbox 1561 1219 1877 1267; x_wconf 88' lang='lat' dir='ltr'><strong>eiusdemmodi</strong></span> <span class='ocrx_word' id='word_1_97' title='bbox 1905 1216 2187 1281; x_wconf 82' lang='lat' dir='ltr'><strong>corruptelas&#39;</strong></span> <span class='ocrx_word' id='word_1_98' title='bbox 2223 1220 2314 1273; x_wconf 77' lang='lat' dir='ltr'><strong>illis</strong></span> <span class='ocrx_word' id='word_1_99' title='bbox 2341 1219 2554 1278; x_wconf 85' lang='lat' dir='ltr'><strong>exemplis</strong></span> 
     </span>
     <span class='ocr_line' id='line_1_15' title="bbox 375 1297 2554 1359; baseline -0.001 -15"><span class='ocrx_word' id='word_1_100' title='bbox 375 1299 718 1359; x_wconf 83' lang='lat' dir='ltr'><strong>Aristophaneis</strong></span> <span class='ocrx_word' id='word_1_101' title='bbox 746 1299 1009 1344; x_wconf 85' lang='lat' dir='ltr'><strong>sententiam</strong></span> <span class='ocrx_word' id='word_1_102' title='bbox 1033 1300 1291 1344; x_wconf 84' lang='lat' dir='ltr'><strong>confirmare</strong></span> <span class='ocrx_word' id='word_1_103' title='bbox 1311 1314 1545 1358; x_wconf 71' lang='lat' dir='ltr'>aggressus</span> <span class='ocrx_word' id='word_1_104' title='bbox 1573 1306 1653 1344; x_wconf 84' lang='lat' dir='ltr'><strong>est.</strong></span> <span class='ocrx_word' id='word_1_105' title='bbox 1699 1298 1869 1358; x_wconf 79' lang='lat' dir='ltr'><strong>Nempe</strong></span> <span class='ocrx_word' id='word_1_106' title='bbox 1894 1298 2083 1345; x_wconf 84' lang='lat' dir='ltr'><strong>sublatis</strong></span> <span class='ocrx_word' id='word_1_107' title='bbox 2110 1297 2287 1344; x_wconf 85' lang='lat' dir='ltr'><strong>demum</strong></span> <span class='ocrx_word' id='word_1_108' title='bbox 2313 1297 2463 1344; x_wconf 79' lang='lat' dir='ltr'><strong>verbis</strong></span> <span class='ocrx_word' id='word_1_109' title='bbox 2488 1297 2554 1342; x_wconf 91' lang='lat' dir='ltr'><strong>in·</strong></span> 
     </span>
     <span class='ocr_line' id='line_1_16' title="bbox 376 1376 2551 1438; baseline -0 -15"><span class='ocrx_word' id='word_1_110' title='bbox 376 1379 547 1435; x_wconf 91' lang='lat' dir='ltr'><strong>siticiis,</strong></span> <span class='ocrx_word' id='word_1_111' title='bbox 580 1379 741 1438; x_wconf 84' lang='lat' dir='ltr'><strong>quibus</strong></span> <span class='ocrx_word' id='word_1_112' title='bbox 769 1394 906 1424; x_wconf 85' lang='lat' dir='ltr'><strong>uncos</strong></span> <span class='ocrx_word' id='word_1_113' title='bbox 934 1377 1198 1435; x_wconf 76' lang='lat' dir='ltr'><strong>addidimus,</strong></span> <span class='ocrx_word' id='word_1_114' title='bbox 1229 1378 1447 1423; x_wconf 80' lang='lat' dir='ltr'><strong>sinceram</strong></span> <span class='ocrx_word' id='word_1_115' title='bbox 1472 1384 1627 1438; x_wconf 84' lang='lat' dir='ltr'><strong>poetae</strong></span> <span class='ocrx_word' id='word_1_116' title='bbox 1658 1377 1900 1424; x_wconf 87' lang='lat' dir='ltr'><strong>orationem</strong></span> <span class='ocrx_word' id='word_1_117' title='bbox 1928 1376 2105 1438; x_wconf 87' lang='lat' dir='ltr'><strong>prodire</strong></span> <span class='ocrx_word' id='word_1_118' title='bbox 2132 1377 2219 1423; x_wconf 85' lang='lat' dir='ltr'><strong>sibi</strong></span> <span class='ocrx_word' id='word_1_119' title='bbox 2245 1376 2475 1437; x_wconf 84' lang='lat' dir='ltr'><strong>persuasit,</strong></span> <span class='ocrx_word' id='word_1_120' title='bbox 2506 1377 2551 1422; x_wconf 87' lang='lat' dir='ltr'><strong>in</strong></span> 
     </span>
     <span class='ocr_line' id='line_1_17' title="bbox 376 1457 772 1516; baseline -0.003 -13"><span class='ocrx_word' id='word_1_121' title='bbox 376 1457 628 1516; x_wconf 85' lang='lat' dir='ltr'><strong>Lysistrata</strong></span> <span class='ocrx_word' id='word_1_122' title='bbox 658 1458 772 1503; x_wconf 86' lang='lat' dir='ltr'><strong>hanc</strong></span> 
     </span>
    </p>

    <p class='ocr_par' dir='ltr' id='par_1_9' title="bbox 1019 1535 1732 1597">
     <span class='ocr_line' id='line_1_18' title="bbox 1019 1535 1732 1597; baseline 0.001 -15"><span class='ocrx_word' id='word_1_123' title='bbox 1019 1535 1197 1597; x_wconf 71' lang='grc' dir='ltr'><strong><em>μεγάλῳ</em></strong></span> <span class='ocrx_word' id='word_1_124' title='bbox 1228 1538 1351 1597; x_wconf 77' lang='grc' dir='ltr'><strong><em>τυφῷ</em></strong></span> <span class='ocrx_word' id='word_1_125' title='bbox 1381 1535 1732 1593; x_wconf 72' lang='grc' dir='ltr'><strong>ξυγγογγύλας</strong></span> 
     </span>
    </p>

    <p class='ocr_par' dir='ltr' id='par_1_10' title="bbox 375 1619 1833 1904">
     <span class='ocr_line' id='line_1_19' title="bbox 1019 1619 1337 1674; baseline -0.003 -13"><span class='ocrx_word' id='word_1_126' title='bbox 1019 1619 1157 1672; x_wconf 81' lang='grc' dir='ltr'><strong><em>οἴχοιο</em></strong></span> <span class='ocrx_word' id='word_1_127' title='bbox 1188 1619 1337 1674; x_wconf 80' lang='grc' dir='ltr'><em>φέρων</em></span> 
     </span>
     <span class='ocr_line' id='line_1_20' title="bbox 375 1692 1084 1752; baseline -0.001 -13"><span class='ocrx_word' id='word_1_128' title='bbox 375 1696 422 1739; x_wconf 89' lang='lat' dir='ltr'><strong>in</strong></span> <span class='ocrx_word' id='word_1_129' title='bbox 445 1692 915 1752; x_wconf 84' lang='lat' dir='ltr'><strong>Thesmophoriazusis</strong></span> <span class='ocrx_word' id='word_1_130' title='bbox 937 1699 1084 1738; x_wconf 85' lang='lat' dir='ltr'><strong>autem</strong></span> 
     </span>
     <span class='ocr_line' id='line_1_21' title="bbox 1395 1770 1833 1830; baseline 0.005 -15"><span class='ocrx_word' id='word_1_131' title='bbox 1395 1770 1508 1816; x_wconf 69' lang='grc' dir='ltr'><strong><em>κατὰ</em></strong></span> <span class='ocrx_word' id='word_1_132' title='bbox 1539 1773 1615 1818; x_wconf 78' lang='grc' dir='ltr'><strong>τοῦ</strong></span> <span class='ocrx_word' id='word_1_133' title='bbox 1644 1773 1833 1830; x_wconf 60' lang='grc' dir='ltr'><strong><em>θριγκοῦ</em></strong></span> 
     </span>
     <span class='ocr_line' id='line_1_22' title="bbox 956 1847 1707 1904; baseline -0.001 -10"><span class='ocrx_word' id='word_1_134' title='bbox 956 1851 959 1854; x_wconf 77' lang='grc'><strong>’</strong></span> <span class='ocrx_word' id='word_1_135' title='bbox 1019 1847 1376 1904; x_wconf 76' lang='grc' dir='ltr'><strong><em>συγγογγύλας</em></strong></span> <span class='ocrx_word' id='word_1_136' title='bbox 1705 1872 1707 1874; x_wconf 94' lang='grc'>-</span> 
     </span>
    </p>

    <p class='ocr_par' dir='ltr' id='par_1_11' title="bbox 373 1926 2553 3255">
     <span class='ocr_line' id='line_1_23' title="bbox 1021 1926 1637 1985; baseline 0.002 -13"><span class='ocrx_word' id='word_1_137' title='bbox 1021 1929 1138 1973; x_wconf 72' lang='grc' dir='ltr'><strong><em>τουτὶ</em></strong></span> <span class='ocrx_word' id='word_1_138' title='bbox 1168 1926 1217 1973; x_wconf 77' lang='grc' dir='ltr'><strong>τὸ</strong></span> <span class='ocrx_word' id='word_1_139' title='bbox 1247 1931 1353 1980; x_wconf 75' lang='grc' dir='ltr'><strong><em>πέος</em></strong></span> <span class='ocrx_word' id='word_1_140' title='bbox 1381 1928 1637 1985; x_wconf 66' lang='grc' dir='ltr'><strong>χοανεῦσαι.4</strong></span> 
     </span>
     <span class='ocr_line' id='line_1_24' title="bbox 376 2006 2551 2068; baseline 0 -15"><span class='ocrx_word' id='word_1_141' title='bbox 376 2009 446 2053; x_wconf 86' lang='lat' dir='ltr'><strong>Ac</strong></span> <span class='ocrx_word' id='word_1_142' title='bbox 474 2008 568 2053; x_wconf 80' lang='lat' dir='ltr'><strong>sive</strong></span> <span class='ocrx_word' id='word_1_143' title='bbox 594 2014 714 2052; x_wconf 86' lang='lat' dir='ltr'><strong>recte</strong></span> <span class='ocrx_word' id='word_1_144' title='bbox 743 2008 837 2053; x_wconf 82' lang='lat' dir='ltr'><strong>sive</strong></span> <span class='ocrx_word' id='word_1_145' title='bbox 865 2022 1000 2066; x_wconf 82' lang='lat' dir='ltr'><strong>prave</strong></span> <span class='ocrx_word' id='word_1_146' title='bbox 1021 2006 1248 2064; x_wconf 80' lang='lat' dir='ltr'><strong>iudicavit,</strong></span> <span class='ocrx_word' id='word_1_147' title='bbox 1270 2013 1440 2052; x_wconf 90' lang='lat' dir='ltr'><strong>tantum</strong></span> <span class='ocrx_word' id='word_1_148' title='bbox 1462 2014 1661 2066; x_wconf 85' lang='lat' dir='ltr'><strong>apertum</strong></span> <span class='ocrx_word' id='word_1_149' title='bbox 1682 2014 1761 2065; x_wconf 85' lang='lat' dir='ltr'><strong>est,</strong></span> <span class='ocrx_word' id='word_1_150' title='bbox 1789 2022 1995 2053; x_wconf 81' lang='lat' dir='ltr'><strong>numeros</strong></span> <span class='ocrx_word' id='word_1_151' title='bbox 2016 2007 2128 2053; x_wconf 80' lang='lat' dir='ltr'><strong>nihil</strong></span> <span class='ocrx_word' id='word_1_152' title='bbox 2149 2007 2427 2067; x_wconf 76' lang='lat' dir='ltr'>prohibuisse</span> <span class='ocrx_word' id='word_1_153' title='bbox 2447 2023 2551 2068; x_wconf 86' lang='lat' dir='ltr'><strong>quo·</strong></span> 
     </span>
     <span class='ocr_line' id='line_1_25' title="bbox 376 2084 2550 2148; baseline 0 -16"><span class='ocrx_word' id='word_1_154' title='bbox 376 2087 523 2132; x_wconf 91' lang='lat' dir='ltr'><strong>minus</strong></span> <span class='ocrx_word' id='word_1_155' title='bbox 548 2087 627 2132; x_wconf 89' lang='lat' dir='ltr'><strong>illa</strong></span> <span class='ocrx_word' id='word_1_156' title='bbox 653 2086 919 2132; x_wconf 79' lang='lat' dir='ltr'><strong>adderentur</strong></span> <span class='ocrx_word' id='word_1_157' title='bbox 946 2101 1060 2147; x_wconf 87' lang='lat' dir='ltr'><strong>quae</strong></span> <span class='ocrx_word' id='word_1_158' title='bbox 1088 2086 1305 2132; x_wconf 85' lang='lat' dir='ltr'><strong>demend&#39;a</strong></span> <span class='ocrx_word' id='word_1_159' title='bbox 1331 2087 1505 2132; x_wconf 88' lang='lat' dir='ltr'><strong>censuit</strong></span> <span class='ocrx_word' id='word_1_160' title='bbox 1529 2087 1586 2133; x_wconf 90' lang='lat' dir='ltr'><strong>ab</strong></span> <span class='ocrx_word' id='word_1_161' title='bbox 1608 2101 1747 2147; x_wconf 87' lang='lat' dir='ltr'><strong>eoque</strong></span> <span class='ocrx_word' id='word_1_162' title='bbox 1767 2086 2115 2133; x_wconf 77' lang='lat' dir='ltr'><strong>excluderentur.</strong></span> <span class='ocrx_word' id='word_1_163' title='bbox 2162 2084 2252 2133; x_wconf 89' lang='lat' dir='ltr'><strong>Sed</strong></span> <span class='ocrx_word' id='word_1_164' title='bbox 2273 2087 2378 2148; x_wconf 88' lang='lat' dir='ltr'><strong>quid</strong></span> <span class='ocrx_word' id='word_1_165' title='bbox 2399 2102 2550 2133; x_wconf 81' lang='lat' dir='ltr'><strong>verum</strong></span> 
     </span>
     <span class='ocr_line' id='line_1_26' title="bbox 375 2157 2551 2227; baseline 0 -16"><span class='ocrx_word' id='word_1_166' title='bbox 375 2157 438 2212; x_wconf 65' lang='lat' dir='ltr'><strong>&gt;sit</strong></span> <span class='ocrx_word' id='word_1_167' title='bbox 456 2168 504 2211; x_wconf 87' lang='lat' dir='ltr'><strong>in</strong></span> <span class='ocrx_word' id='word_1_168' title='bbox 525 2166 609 2212; x_wconf 87' lang='lat' dir='ltr'><strong>hac</strong></span> <span class='ocrx_word' id='word_1_169' title='bbox 624 2182 771 2224; x_wconf 87' lang='lat' dir='ltr'><strong>causa,</strong></span> <span class='ocrx_word' id='word_1_170' title='bbox 789 2182 903 2226; x_wconf 89' lang='lat' dir='ltr'><strong>quae</strong></span> <span class='ocrx_word' id='word_1_171' title='bbox 924 2174 993 2212; x_wconf 88' lang='lat' dir='ltr'><strong>est</strong></span> <span class='ocrx_word' id='word_1_172' title='bbox 1014 2166 1275 2226; x_wconf 84' lang='lat' dir='ltr'><strong>complicata</strong></span> <span class='ocrx_word' id='word_1_173' title='bbox 1295 2166 1543 2224; x_wconf 86' lang='lat' dir='ltr'><strong>admodum,</strong></span> <span class='ocrx_word' id='word_1_174' title='bbox 1561 2167 1655 2212; x_wconf 87' lang='lat' dir='ltr'><strong>eius</strong></span> <span class='ocrx_word' id='word_1_175' title='bbox 1676 2167 1741 2212; x_wconf 91' lang='lat' dir='ltr'><strong>rei</strong></span> <span class='ocrx_word' id='word_1_176' title='bbox 1760 2166 1938 2212; x_wconf 81' lang='lat' dir='ltr'><strong>aliunde</strong></span> <span class='ocrx_word' id='word_1_177' title='bbox 1948 2164 2144 2227; x_wconf 75' lang='lat' dir='ltr'><strong>&#39;petenda</strong></span> <span class='ocrx_word' id='word_1_178' title='bbox 2161 2174 2421 2226; x_wconf 77' lang='lat' dir='ltr'><strong>argumenta</strong></span> <span class='ocrx_word' id='word_1_179' title='bbox 2435 2174 2551 2212; x_wconf 87' lang='lat' dir='ltr'><strong>sunt.</strong></span> 
     </span>
     <span class='ocr_line' id='line_1_27' title="bbox 378 2243 2553 2305; baseline 0.001 -15"><span class='ocrx_word' id='word_1_180' title='bbox 378 2247 527 2304; x_wconf 83' lang='lat' dir='ltr'><strong>Atque</strong></span> <span class='ocrx_word' id='word_1_181' title='bbox 548 2253 597 2291; x_wconf 93' lang='lat' dir='ltr'><strong>ut</strong></span> <span class='ocrx_word' id='word_1_182' title='bbox 616 2246 701 2291; x_wconf 88' lang='lat' dir='ltr'><strong>hoc</strong></span> <span class='ocrx_word' id='word_1_183' title='bbox 721 2245 1068 2304; x_wconf 83' lang='lat' dir='ltr'><strong>praemittamus,</strong></span> <span class='ocrx_word' id='word_1_184' title='bbox 1099 2246 1216 2305; x_wconf 90' lang='lat' dir='ltr'><strong>quod</strong></span> <span class='ocrx_word' id='word_1_185' title='bbox 1238 2262 1335 2291; x_wconf 88' lang='lat' dir='ltr'><strong>cum</strong></span> <span class='ocrx_word' id='word_1_186' title='bbox 1356 2252 1509 2291; x_wconf 90' lang='lat' dir='ltr'><strong>nostra</strong></span> <span class='ocrx_word' id='word_1_187' title='bbox 1528 2245 1786 2305; x_wconf 86' lang='lat' dir='ltr'><strong>quaestione</strong></span> <span class='ocrx_word' id='word_1_188' title='bbox 1806 2244 2087 2291; x_wconf 85' lang='lat' dir='ltr'><strong>coniunctum</strong></span> <span class='ocrx_word' id='word_1_189' title='bbox 2107 2261 2197 2291; x_wconf 90' lang='lat' dir='ltr'><strong>non</strong></span> <span class='ocrx_word' id='word_1_190' title='bbox 2217 2253 2297 2301; x_wconf 79' lang='lat' dir='ltr'><strong>est,</strong></span> <span class='ocrx_word' id='word_1_191' title='bbox 2325 2246 2371 2291; x_wconf 90' lang='lat' dir='ltr'><strong>in</strong></span> <span class='ocrx_word' id='word_1_192' title='bbox 2393 2261 2446 2292; x_wconf 84' lang='lat' dir='ltr'><strong>eo</strong></span> <span class='ocrx_word' id='word_1_193' title='bbox 2468 2243 2553 2292; x_wconf 85' lang='lat' dir='ltr'><strong>Go-</strong></span> 
     </span>
     <span class='ocr_line' id='line_1_28' title="bbox 377 2322 2553 2384; baseline 0 -15"><span class='ocrx_word' id='word_1_194' title='bbox 377 2323 506 2370; x_wconf 86' lang='lat' dir='ltr'><strong>betus</strong></span> <span class='ocrx_word' id='word_1_195' title='bbox 531 2338 630 2370; x_wconf 85' lang='lat' dir='ltr'><strong>vere</strong></span> <span class='ocrx_word' id='word_1_196' title='bbox 651 2322 826 2370; x_wconf 81' lang='lat' dir='ltr'><strong>videtur</strong></span> <span class='ocrx_word' id='word_1_197' title='bbox 846 2322 1055 2382; x_wconf 87' lang='lat' dir='ltr'><strong>iudicare,</strong></span> <span class='ocrx_word' id='word_1_198' title='bbox 1085 2323 1201 2384; x_wconf 87' lang='lat' dir='ltr'><strong>quod</strong></span> <span class='ocrx_word' id='word_1_199' title='bbox 1224 2338 1336 2384; x_wconf 88' lang='lat' dir='ltr'><strong>quae</strong></span> <span class='ocrx_word' id='word_1_200' title='bbox 1356 2323 1569 2370; x_wconf 87' lang='lat' dir='ltr'><strong>librorum</strong></span> <span class='ocrx_word' id='word_1_201' title='bbox 1590 2322 1677 2369; x_wconf 88' lang='lat' dir='ltr'><strong>fide</strong></span> <span class='ocrx_word' id='word_1_202' title='bbox 1704 2322 1997 2384; x_wconf 79' lang='lat' dir='ltr'><strong>vulgabautur</strong></span> <span class='ocrx_word' id='word_1_203' title='bbox 2022 2322 2189 2370; x_wconf 82' lang='lat' dir='ltr'><strong>formae</strong></span> <span class='ocrx_word' id='word_1_204' title='bbox 2214 2323 2553 2381; x_wconf 67' lang='grc' dir='ltr'><strong><em>ξυγγογγυλίσας</em></strong></span> 
     </span>
     <span class='ocr_line' id='line_1_29' title="bbox 377 2400 2550 2476; baseline 0.001 -27"><span class='ocrx_word' id='word_1_205' title='bbox 377 2410 422 2449; x_wconf 89' lang='lat' dir='ltr'><strong>et</strong></span> <span class='ocrx_word' id='word_1_206' title='bbox 446 2403 706 2460; x_wconf 74' lang='grc' dir='ltr'><strong><em>γογγυλίσας</em></strong></span> <span class='ocrx_word' id='word_1_207' title='bbox 736 2402 998 2462; x_wconf 69' lang='grc' dir='ltr'><strong><em>(γογγυλίζιι</em></strong></span> <span class='ocrx_word' id='word_1_208' title='bbox 1025 2401 1064 2450; x_wconf 82' lang='lat' dir='ltr'>T</span> <span class='ocrx_word' id='word_1_209' title='bbox 1066 2401 1293 2464; x_wconf 86' lang='lat' dir='ltr'><strong>hesmoph.</strong></span> <span class='ocrx_word' id='word_1_210' title='bbox 1316 2400 1397 2463; x_wconf 82' lang='lat'><strong>56)</strong></span> <span class='ocrx_word' id='word_1_211' title='bbox 1423 2401 1550 2450; x_wconf 79' lang='lat' dir='ltr'><strong>nihili</strong></span> <span class='ocrx_word' id='word_1_212' title='bbox 1578 2418 1676 2450; x_wconf 90' lang='lat' dir='ltr'><strong>esse</strong></span> <span class='ocrx_word' id='word_1_213' title='bbox 1704 2403 1778 2463; x_wconf 89' lang='lat' dir='ltr'><strong>ait,</strong></span> <span class='ocrx_word' id='word_1_214' title='bbox 1808 2418 1959 2450; x_wconf 81' lang='lat' dir='ltr'><strong>veram</strong></span> <span class='ocrx_word' id='word_1_215' title='bbox 1985 2402 2171 2476; x_wconf 57' lang='lat' dir='ltr'><strong>formam</strong></span> <span class='ocrx_word' id='word_1_216' title='bbox 2192 2402 2426 2457; x_wconf 81' lang='lat' dir='ltr'><strong>multorum</strong></span> <span class='ocrx_word' id='word_1_217' title='bbox 2448 2417 2550 2451; x_wconf 89' lang='lat' dir='ltr'><strong>ana·</strong></span> 
     </span>
     <span class='ocr_line' id='line_1_30' title="bbox 374 2478 2550 2544; baseline 0.001 -16"><span class='ocrx_word' id='word_1_218' title='bbox 374 2482 495 2541; x_wconf 80' lang='lat' dir='ltr'><strong>logia</strong></span> <span class='ocrx_word' id='word_1_219' title='bbox 514 2483 673 2543; x_wconf 84' lang='lat' dir='ltr'><strong>probat</strong></span> <span class='ocrx_word' id='word_1_220' title='bbox 693 2498 791 2528; x_wconf 87' lang='lat' dir='ltr'><strong>esse</strong></span> <span class='ocrx_word' id='word_1_221' title='bbox 812 2499 900 2529; x_wconf 91' lang='lat' dir='ltr'><strong>uon</strong></span> <span class='ocrx_word' id='word_1_222' title='bbox 927 2481 1166 2539; x_wconf 69' lang='grc' dir='ltr'><strong><em>γογγυλίζω</em></strong></span> <span class='ocrx_word' id='word_1_223' title='bbox 1188 2482 1265 2529; x_wconf 87' lang='lat' dir='ltr'><strong>sed</strong></span> <span class='ocrx_word' id='word_1_224' title='bbox 1285 2480 1524 2540; x_wconf 79' lang='grc' dir='ltr'><strong><em>γογγύλλω,</em></strong></span> <span class='ocrx_word' id='word_1_225' title='bbox 1554 2489 1602 2530; x_wconf 90' lang='lat' dir='ltr'><strong>ut</strong></span> <span class='ocrx_word' id='word_1_226' title='bbox 1619 2481 1916 2541; x_wconf 69' lang='grc' dir='ltr'><strong><em>ξυγγογγύλας</em></strong></span> <span class='ocrx_word' id='word_1_227' title='bbox 1935 2492 1981 2529; x_wconf 88' lang='lat' dir='ltr'><strong>et</strong></span> <span class='ocrx_word' id='word_1_228' title='bbox 2002 2478 2335 2544; x_wconf 76' lang='grc' dir='ltr'><strong><em>[ουγ]γογγύλας</em></strong></span> <span class='ocrx_word' id='word_1_229' title='bbox 2354 2483 2401 2530; x_wconf 90' lang='lat' dir='ltr'><strong>in</strong></span> <span class='ocrx_word' id='word_1_230' title='bbox 2421 2483 2550 2544; x_wconf 78' lang='lat' dir='ltr'><strong>Lysi·</strong></span> 
     </span>
     <span class='ocr_line' id='line_1_31' title="bbox 375 2560 2550 2623; baseline 0 -16"><span class='ocrx_word' id='word_1_231' title='bbox 375 2569 515 2607; x_wconf 88' lang='lat' dir='ltr'><strong>strata</strong></span> <span class='ocrx_word' id='word_1_232' title='bbox 543 2570 588 2607; x_wconf 87' lang='lat' dir='ltr'><strong>et</strong></span> <span class='ocrx_word' id='word_1_233' title='bbox 615 2562 1082 2622; x_wconf 78' lang='lat' dir='ltr'><strong>Thesmophoriazusis</strong></span> <span class='ocrx_word' id='word_1_234' title='bbox 1110 2560 1356 2619; x_wconf 76' lang='grc' dir='ltr'><strong><em>(γογγύλλει</em></strong></span> <span class='ocrx_word' id='word_1_235' title='bbox 1382 2562 1647 2623; x_wconf 84' lang='lat' dir='ltr'><strong>Thesmoph.</strong></span> <span class='ocrx_word' id='word_1_236' title='bbox 1670 2563 1749 2618; x_wconf 83' lang='lat'><strong>56)</strong></span> <span class='ocrx_word' id='word_1_237' title='bbox 1777 2562 2099 2609; x_wconf 85' lang='lat' dir='ltr'><strong>emendandum</strong></span> <span class='ocrx_word' id='word_1_238' title='bbox 2126 2578 2224 2609; x_wconf 85' lang='lat' dir='ltr'><strong>esse</strong></span> <span class='ocrx_word' id='word_1_239' title='bbox 2245 2571 2472 2623; x_wconf 83' lang='lat' dir='ltr'><strong>appareat:</strong></span> <span class='ocrx_word' id='word_1_240' title='bbox 2504 2564 2550 2608; x_wconf 90' lang='lat' dir='ltr'><strong>id</strong></span> 
     </span>
     <span class='ocr_line' id='line_1_32' title="bbox 375 2641 2551 2704; baseline 0.001 -19"><span class='ocrx_word' id='word_1_241' title='bbox 375 2642 493 2701; x_wconf 91' lang='lat' dir='ltr'><strong>quod</strong></span> <span class='ocrx_word' id='word_1_242' title='bbox 521 2643 610 2686; x_wconf 90' lang='lat' dir='ltr'><strong>iam</strong></span> <span class='ocrx_word' id='word_1_243' title='bbox 638 2650 741 2686; x_wconf 85' lang='lat' dir='ltr'><strong>ante</strong></span> <span class='ocrx_word' id='word_1_244' title='bbox 767 2642 944 2686; x_wconf 81' lang='lat' dir='ltr'><strong>fuerunt</strong></span> <span class='ocrx_word' id='word_1_245' title='bbox 972 2643 1047 2701; x_wconf 87' lang='lat' dir='ltr'><strong>qui</strong></span> <span class='ocrx_word' id='word_1_246' title='bbox 1069 2642 1350 2686; x_wconf 88' lang='lat' dir='ltr'><strong>scribendum</strong></span> <span class='ocrx_word' id='word_1_247' title='bbox 1379 2641 1735 2702; x_wconf 70' lang='lat' dir='ltr'><strong>proponemut’).</strong></span> <span class='ocrx_word' id='word_1_248' title='bbox 1780 2641 1871 2687; x_wconf 82' lang='lat' dir='ltr'><strong>Sed</strong></span> <span class='ocrx_word' id='word_1_249' title='bbox 1898 2644 1938 2687; x_wconf 91' lang='lat' dir='ltr'><strong>ei</strong></span> <span class='ocrx_word' id='word_1_250' title='bbox 1965 2643 2199 2703; x_wconf 82' lang='lat' dir='ltr'><strong>participio</strong></span> <span class='ocrx_word' id='word_1_251' title='bbox 2225 2644 2343 2702; x_wconf 86' lang='lat' dir='ltr'><strong>quod</strong></span> <span class='ocrx_word' id='word_1_252' title='bbox 2369 2650 2551 2704; x_wconf 78' lang='lat' dir='ltr'><strong>utroque</strong></span> 
     </span>
     <span class='ocr_line' id='line_1_33' title="bbox 374 2721 2550 2782; baseline 0.001 -17"><span class='ocrx_word' id='word_1_253' title='bbox 374 2722 472 2766; x_wconf 91' lang='lat' dir='ltr'><strong>loco</strong></span> <span class='ocrx_word' id='word_1_254' title='bbox 494 2730 710 2780; x_wconf 80' lang='lat' dir='ltr'><strong>cognatae</strong></span> <span class='ocrx_word' id='word_1_255' title='bbox 731 2721 1068 2780; x_wconf 79' lang='lat' dir='ltr'><strong>significationis</strong></span> <span class='ocrx_word' id='word_1_256' title='bbox 1090 2722 1271 2766; x_wconf 83' lang='lat' dir='ltr'><strong>verbum</strong></span> <span class='ocrx_word' id='word_1_257' title='bbox 1298 2725 1545 2780; x_wconf 68' lang='grc' dir='ltr'><strong><em>ξυστρέψας</em></strong></span> <span class='ocrx_word' id='word_1_258' title='bbox 1571 2722 1790 2768; x_wconf 87' lang='lat' dir='ltr'><strong>adiectum</strong></span> <span class='ocrx_word' id='word_1_259' title='bbox 1811 2730 1892 2781; x_wconf 91' lang='lat' dir='ltr'><strong>est,</strong></span> <span class='ocrx_word' id='word_1_260' title='bbox 1920 2722 2172 2782; x_wconf 80' lang='lat' dir='ltr'><strong>explicandi</strong></span> <span class='ocrx_word' id='word_1_261' title='bbox 2192 2724 2334 2782; x_wconf 75' lang='lat' dir='ltr'><strong>gratia</strong></span> <span class='ocrx_word' id='word_1_262' title='bbox 2353 2739 2382 2768; x_wconf 87' lang='lat' dir='ltr'><strong>a</strong></span> <span class='ocrx_word' id='word_1_263' title='bbox 2401 2723 2550 2769; x_wconf 87' lang='lat' dir='ltr'><strong>nescio</strong></span> 
     </span>
     <span class='ocr_line' id='line_1_34' title="bbox 375 2800 2552 2861; baseline 0.001 -15"><span class='ocrx_word' id='word_1_264' title='bbox 375 2817 462 2859; x_wconf 90' lang='lat' dir='ltr'><strong>quo</strong></span> <span class='ocrx_word' id='word_1_265' title='bbox 479 2800 750 2859; x_wconf 88' lang='lat' dir='ltr'><strong>adscriptum</strong></span> <span class='ocrx_word' id='word_1_266' title='bbox 772 2808 818 2845; x_wconf 88' lang='lat' dir='ltr'><strong>et</strong></span> <span class='ocrx_word' id='word_1_267' title='bbox 833 2816 911 2859; x_wconf 89' lang='lat' dir='ltr'><strong>per</strong></span> <span class='ocrx_word' id='word_1_268' title='bbox 930 2802 1006 2845; x_wconf 69' lang='grc' dir='ltr'><strong>καὶ</strong></span> <span class='ocrx_word' id='word_1_269' title='bbox 1025 2800 1298 2860; x_wconf 86' lang='lat' dir='ltr'><strong>particulam,</strong></span> <span class='ocrx_word' id='word_1_270' title='bbox 1317 2810 1365 2846; x_wconf 84' lang='lat' dir='ltr'><strong>ut</strong></span> <span class='ocrx_word' id='word_1_271' title='bbox 1379 2801 1556 2858; x_wconf 85' lang='lat' dir='ltr'><strong>assolet,</strong></span> <span class='ocrx_word' id='word_1_272' title='bbox 1575 2801 1763 2847; x_wconf 87' lang='lat' dir='ltr'><strong>orationi</strong></span> <span class='ocrx_word' id='word_1_273' title='bbox 1782 2801 1998 2847; x_wconf 88' lang='lat' dir='ltr'><strong>insertum</strong></span> <span class='ocrx_word' id='word_1_274' title='bbox 2013 2816 2124 2859; x_wconf 85' lang='lat' dir='ltr'><strong>esse,</strong></span> <span class='ocrx_word' id='word_1_275' title='bbox 2142 2800 2416 2861; x_wconf 77' lang='lat' dir='ltr'><strong>Hesychium</strong></span> <span class='ocrx_word' id='word_1_276' title='bbox 2431 2809 2552 2848; x_wconf 82' lang='lat' dir='ltr'><strong>aute·</strong></span> 
     </span>
     <span class='ocr_line' id='line_1_35' title="bbox 376 2877 2549 2940; baseline 0.001 -16"><span class='ocrx_word' id='word_1_277' title='bbox 376 2886 529 2937; x_wconf 88' lang='lat' dir='ltr'><strong>statur,</strong></span> <span class='ocrx_word' id='word_1_278' title='bbox 558 2878 675 2939; x_wconf 86' lang='lat' dir='ltr'><strong>apud</strong></span> <span class='ocrx_word' id='word_1_279' title='bbox 703 2894 835 2938; x_wconf 89' lang='lat' dir='ltr'><strong>quem</strong></span> <span class='ocrx_word' id='word_1_280' title='bbox 863 2894 963 2924; x_wconf 90' lang='lat' dir='ltr'><strong>cum</strong></span> <span class='ocrx_word' id='word_1_281' title='bbox 986 2877 1095 2925; x_wconf 87' lang='lat' dir='ltr'><strong>haec</strong></span> <span class='ocrx_word' id='word_1_282' title='bbox 1120 2878 1321 2937; x_wconf 79' lang='lat' dir='ltr'><strong>legantur</strong></span> <span class='ocrx_word' id='word_1_283' title='bbox 1345 2878 1618 2935; x_wconf 77' lang='grc' dir='ltr'><strong><em>γογγύλλειν·</em></strong></span> <span class='ocrx_word' id='word_1_284' title='bbox 1640 2882 1896 2939; x_wconf 64' lang='grc' dir='ltr'><strong><em>συστρέφειν</em></strong></span> <span class='ocrx_word' id='word_1_285' title='bbox 1920 2879 2095 2939; x_wconf 75' lang='lat' dir='ltr'><strong>glossae</strong></span> <span class='ocrx_word' id='word_1_286' title='bbox 2122 2894 2298 2926; x_wconf 86' lang='lat' dir='ltr'><strong>causam</strong></span> <span class='ocrx_word' id='word_1_287' title='bbox 2326 2895 2549 2940; x_wconf 81' lang='lat' dir='ltr'><strong>apparere.</strong></span> 
     </span>
     <span class='ocr_line' id='line_1_36' title="bbox 373 2956 2550 3019; baseline 0 -15"><span class='ocrx_word' id='word_1_288' title='bbox 373 2957 430 3004; x_wconf 89' lang='lat' dir='ltr'><strong>Iu</strong></span> <span class='ocrx_word' id='word_1_289' title='bbox 455 2956 709 3018; x_wconf 86' lang='lat' dir='ltr'><strong>Lysistrata</strong></span> <span class='ocrx_word' id='word_1_290' title='bbox 734 2957 819 3005; x_wconf 86' lang='lat' dir='ltr'><strong>hoc</strong></span> <span class='ocrx_word' id='word_1_291' title='bbox 851 2957 951 3017; x_wconf 88' lang='lat' dir='ltr'><strong>plus</strong></span> <span class='ocrx_word' id='word_1_292' title='bbox 985 2956 1174 3016; x_wconf 88' lang='lat' dir='ltr'><strong>addidit,</strong></span> <span class='ocrx_word' id='word_1_293' title='bbox 1205 2964 1252 3003; x_wconf 90' lang='lat' dir='ltr'><strong>ut</strong></span> <span class='ocrx_word' id='word_1_294' title='bbox 1284 2957 1416 3005; x_wconf 90' lang='lat' dir='ltr'><strong>simul</strong></span> <span class='ocrx_word' id='word_1_295' title='bbox 1448 2972 1547 3004; x_wconf 89' lang='lat' dir='ltr'><strong>cum</strong></span> <span class='ocrx_word' id='word_1_296' title='bbox 1575 2958 1709 3005; x_wconf 80' lang='lat' dir='ltr'><strong>verbo</strong></span> <span class='ocrx_word' id='word_1_297' title='bbox 1741 2973 1899 3005; x_wconf 86' lang='lat' dir='ltr'><strong>nomen</strong></span> <span class='ocrx_word' id='word_1_298' title='bbox 1931 2957 2117 3004; x_wconf 85' lang='lat' dir='ltr'><strong>alterum</strong></span> <span class='ocrx_word' id='word_1_299' title='bbox 2148 2959 2223 3004; x_wconf 71' lang='grc' dir='ltr'><strong>καὶ</strong></span> <span class='ocrx_word' id='word_1_300' title='bbox 2248 2960 2451 3019; x_wconf 71' lang='grc' dir='ltr'><strong><em>πρηστῐρι</em></strong></span> <span class='ocrx_word' id='word_1_301' title='bbox 2477 2974 2550 3005; x_wconf 87' lang='lat' dir='ltr'><strong>ex·</strong></span> 
     </span>
     <span class='ocr_line' id='line_1_37' title="bbox 375 3035 2553 3099; baseline 0 -17"><span class='ocrx_word' id='word_1_302' title='bbox 375 3037 541 3097; x_wconf 77' lang='lat' dir='ltr'><strong>stingui</strong></span> <span class='ocrx_word' id='word_1_303' title='bbox 562 3037 747 3083; x_wconf 87' lang='lat' dir='ltr'><strong>iuberet.</strong></span> <span class='ocrx_word' id='word_1_304' title='bbox 795 3035 927 3094; x_wconf 84' lang='lat' dir='ltr'><strong>Quod</strong></span> <span class='ocrx_word' id='word_1_305' title='bbox 949 3051 1038 3098; x_wconf 90' lang='lat' dir='ltr'><strong>qua</strong></span> <span class='ocrx_word' id='word_1_306' title='bbox 1058 3037 1228 3082; x_wconf 87' lang='lat' dir='ltr'><strong>ratione</strong></span> <span class='ocrx_word' id='word_1_307' title='bbox 1247 3037 1501 3094; x_wconf 86' lang='lat' dir='ltr'><strong>instituerit,</strong></span> <span class='ocrx_word' id='word_1_308' title='bbox 1527 3051 1617 3083; x_wconf 90' lang='lat' dir='ltr'><strong>non</strong></span> <span class='ocrx_word' id='word_1_309' title='bbox 1638 3038 1747 3084; x_wconf 90' lang='lat' dir='ltr'><strong>dicit</strong></span> <span class='ocrx_word' id='word_1_310' title='bbox 1765 3042 1928 3099; x_wconf 85' lang='lat' dir='ltr'><strong>aperte,</strong></span> <span class='ocrx_word' id='word_1_311' title='bbox 1956 3042 2003 3083; x_wconf 90' lang='lat' dir='ltr'><strong>et</strong></span> <span class='ocrx_word' id='word_1_312' title='bbox 2029 3044 2214 3082; x_wconf 86' lang='lat' dir='ltr'><strong>metrum</strong></span> <span class='ocrx_word' id='word_1_313' title='bbox 2236 3051 2325 3082; x_wconf 88' lang='lat' dir='ltr'><strong>nou</strong></span> <span class='ocrx_word' id='word_1_314' title='bbox 2347 3037 2553 3084; x_wconf 80' lang='lat' dir='ltr'><strong>obstabat</strong></span> 
     </span>
     <span class='ocr_line' id='line_1_38' title="bbox 375 3113 2551 3180; baseline 0.001 -18"><span class='ocrx_word' id='word_1_315' title='bbox 375 3116 610 3177; x_wconf 89' lang='lat' dir='ltr'><strong>quominus</strong></span> <span class='ocrx_word' id='word_1_316' title='bbox 641 3116 807 3162; x_wconf 89' lang='lat' dir='ltr'><strong>omisso</strong></span> <span class='ocrx_word' id='word_1_317' title='bbox 839 3116 976 3161; x_wconf 82' lang='lat' dir='ltr'><strong>verbo</strong></span> <span class='ocrx_word' id='word_1_318' title='bbox 1007 3130 1170 3161; x_wconf 88' lang='lat' dir='ltr'><strong>nomen</strong></span> <span class='ocrx_word' id='word_1_319' title='bbox 1202 3121 1469 3162; x_wconf 82' lang='lat' dir='ltr'><strong>servaretur:</strong></span> <span class='ocrx_word' id='word_1_320' title='bbox 1500 3115 1678 3177; x_wconf 72' lang='grc' dir='ltr'><strong><em>μεγάλῳ</em></strong></span> <span class='ocrx_word' id='word_1_321' title='bbox 1708 3118 1831 3180; x_wconf 70' lang='grc' dir='ltr'><strong>τυφῷ</strong></span> <span class='ocrx_word' id='word_1_322' title='bbox 1862 3118 1937 3163; x_wconf 71' lang='grc' dir='ltr'><strong>καὶ</strong></span> <span class='ocrx_word' id='word_1_323' title='bbox 1962 3116 2171 3177; x_wconf 64' lang='grc' dir='ltr'><strong><em>πρηστῆρι</em></strong></span> <span class='ocrx_word' id='word_1_324' title='bbox 2196 3113 2215 3175; x_wconf 90' lang='grc' dir='ltr'><strong>ΙΙ</strong></span> <span class='ocrx_word' id='word_1_325' title='bbox 2241 3115 2551 3174; x_wconf 73' lang='grc' dir='ltr'><strong><em>ξυγγογγύλας.</em></strong></span> 
     </span>
     <span class='ocr_line' id='line_1_39' title="bbox 375 3193 2550 3255; baseline 0 -15"><span class='ocrx_word' id='word_1_326' title='bbox 375 3194 466 3241; x_wconf 89' lang='lat' dir='ltr'><strong>Sed</strong></span> <span class='ocrx_word' id='word_1_327' title='bbox 488 3193 698 3253; x_wconf 84' lang='lat' dir='ltr'><strong>Cobetus,</strong></span> <span class='ocrx_word' id='word_1_328' title='bbox 727 3195 816 3241; x_wconf 92' lang='lat' dir='ltr'><strong>nisi</strong></span> <span class='ocrx_word' id='word_1_329' title='bbox 842 3195 949 3255; x_wconf 89' lang='lat' dir='ltr'><strong>quid</strong></span> <span class='ocrx_word' id='word_1_330' title='bbox 971 3194 1092 3240; x_wconf 86' lang='lat' dir='ltr'><strong>aliud</strong></span> <span class='ocrx_word' id='word_1_331' title='bbox 1114 3209 1228 3252; x_wconf 88' lang='lat' dir='ltr'><strong>eum,</strong></span> <span class='ocrx_word' id='word_1_332' title='bbox 1258 3194 1377 3254; x_wconf 88' lang='lat' dir='ltr'><strong>quod</strong></span> <span class='ocrx_word' id='word_1_333' title='bbox 1404 3210 1486 3240; x_wconf 88' lang='lat' dir='ltr'><strong>nos</strong></span> <span class='ocrx_word' id='word_1_334' title='bbox 1512 3195 1638 3254; x_wconf 79' lang='lat' dir='ltr'><strong>fugit,</strong></span> <span class='ocrx_word' id='word_1_335' title='bbox 1666 3197 1713 3241; x_wconf 91' lang='lat' dir='ltr'><strong>in</strong></span> <span class='ocrx_word' id='word_1_336' title='bbox 1741 3196 1989 3242; x_wconf 85' lang='lat' dir='ltr'><strong>coniunctis</strong></span> <span class='ocrx_word' id='word_1_337' title='bbox 2009 3195 2262 3241; x_wconf 85' lang='lat' dir='ltr'><strong>nominibus</strong></span> <span class='ocrx_word' id='word_1_338' title='bbox 2283 3196 2397 3242; x_wconf 83' lang='lat' dir='ltr'><strong>male</strong></span> <span class='ocrx_word' id='word_1_339' title='bbox 2417 3195 2550 3242; x_wconf 87' lang='lat' dir='ltr'><strong>habe·</strong></span> 
     </span>
    </p>
   </div>
   <div class='ocr_carea' id='block_1_3' title="bbox 595 3361 2117 3412">
    <p class='ocr_par' dir='ltr' id='par_1_12' title="bbox 595 3361 2117 3412">
     <span class='ocr_line' id='line_1_40' title="bbox 595 3361 2117 3412; baseline 0.003 -14"><span class='ocrx_word' id='word_1_340' title='bbox 595 3362 634 3408; x_wconf 79' lang='lat'><strong>⁸)</strong></span> <span class='ocrx_word' id='word_1_341' title='bbox 658 3361 757 3399; x_wconf 85' lang='lat' dir='ltr'><strong>Vide</strong></span> <span class='ocrx_word' id='word_1_342' title='bbox 781 3361 986 3410; x_wconf 78' lang='lat' dir='ltr'><strong>praecipue</strong></span> <span class='ocrx_word' id='word_1_343' title='bbox 1012 3363 1163 3400; x_wconf 87' lang='lat' dir='ltr'><strong>doctam</strong></span> <span class='ocrx_word' id='word_1_344' title='bbox 1189 3362 1237 3400; x_wconf 83' lang='lat' dir='ltr'><strong>R.</strong></span> <span class='ocrx_word' id='word_1_345' title='bbox 1254 3361 1400 3411; x_wconf 76' lang='lat' dir='ltr'><strong>Engeri</strong></span> <span class='ocrx_word' id='word_1_346' title='bbox 1425 3363 1713 3403; x_wconf 64' lang='lat' dir='ltr'><strong>adnotationem</strong></span> <span class='ocrx_word' id='word_1_347' title='bbox 1738 3365 1788 3403; x_wconf 81' lang='lat' dir='ltr'><strong>ad</strong></span> <span class='ocrx_word' id='word_1_348' title='bbox 1812 3364 2038 3412; x_wconf 69' lang='lat' dir='ltr'><strong>The-noph.</strong></span> <span class='ocrx_word' id='word_1_349' title='bbox 2055 3365 2117 3402; x_wconf 79' lang='lat'><strong>56.</strong></span> 
     </span>
    </p>
   </div>
  </div>
 </body>
</html>
