2930 3847
1417 139 1472 183 11

361 255 452 314 bat,
478 253 666 301 fortasse
690 248 1002 316 aequabilitate
1028 256 1217 317 quadam
1244 257 1456 303 orationis
1484 257 1697 304 adductus
1719 264 1796 316 est,
1825 264 1873 304 ut
1896 253 2007 304 cum'
2026 275 2159 304 unum
2190 259 2369 304 verbum
2390 259 2521 304 relin-

361 323 526 394 queret,
552 323 610 379 ne
630 333 717 379 duo
737 324 912 395 quidem
934 335 1115 381 nomina
1138 351 1237 382 esse
1257 335 1403 383 vellet.
1432 336 1487 381 In
1515 343 1697 396 utraque
1718 352 1765 381 re
1781 334 1975 382 Cobetus
1990 338 2261 383 Meinekium
2282 339 2521 383 assentien-

360 421 453 457 tem
474 410 631 458 habuit
655 413 732 472 qui
759 420 805 458 et
827 413 1103 473 Lysistratus
1123 430 1277 461 versus
1303 422 1349 460 et
1368 414 1912 474 Thesmophoriazusarum
1934 431 2110 475 prorsus
2137 417 2193 461 ad
2219 415 2378 461 Cobeti
2403 433 2521 461 men·

359 498 450 536 tem
477 490 629 538 edidit.
674 492 729 537 In
749 491 999 552 Lysistrata
1022 494 1201 554 quidem
1222 492 1393 540 Cobeto
1420 493 1581 539 diserte
1602 493 1891 554 adstipulatus
1913 503 1982 540 est
2007 495 2079 541 W.
2101 495 2420 540 Rutherfordus
2448 497 2522 555 qui

354 568 540 615 ‘scholia
560 569 916 631 Aristophanica’
939 588 1052 632 quae
1073 580 1177 619 sunt
1194 574 1242 618 in
1262 572 1414 619 codiee
1434 572 1683 621 Ravennati
1704 574 1937 619 utilissimo
1957 576 2158 620 instituto
2180 582 2224 619 et
2246 590 2404 633 magna
2426 575 2521 618 dili-

360 648 510 706 gentia
536 648 826 695 describenda
851 651 1022 696 curavit
1047 661 1092 696 et
1117 650 1287 696 erudite
1312 651 1621 711 interpretatus
1643 659 1711 697 est
1737 650 1949 709 (Londini
1969 669 2007 698 a.
2033 653 2188 710 1896);
2221 655 2294 713 qui
2324 669 2410 713 quo
2433 655 2520 698 evi·

360 727 535 772 dentius
562 729 632 786 sit,
662 729 986 788 Aristophanes
1011 737 1141 775 aucta
1165 730 1443 789 glossematis
1469 746 1577 789 esse,
1605 732 1717 776 haec
1743 732 1882 777 oeulis
1907 734 2112 792 proponit

1048 834 1050 836 “
1078 808 1286 869 μεγάλῳ
1317 811 1477 869 τυφῷε
1509 811 1714 867 πρηστῆρι

1078 886 1451 944 ξυγγογγύλαςε
1486 888 1798 946 συστρέψας*).

357 964 499 1010 Nobis
526 965 714 1024 primum
742 966 844 1011 inde
873 966 1086 1012 dubitatio
1112 969 1270 1013 oborta
1293 975 1372 1025 est,
1402 968 1519 1027 quod
1544 968 1653 1013 haec
1679 967 1764 1012 duo
1791 969 1913 1028 τυφῷ
1933 971 2008 1012 καὶ
2027 969 2233 1026 πρηστῆρι
2259 985 2347 1013 non
2375 969 2518 1014 minus

358 1043 584 1088 commode
610 1046 853 1102 comparari
880 1046 1141 1104 putabamus
1169 1061 1299 1105 quam
1327 1062 1439 1105 quae
1465 1047 1510 1091 in
1538 1047 1772 1107 Equitibus
1798 1047 2001 1104 leguntur
2026 1044 2155 1103 (511)

354 1126 358 1131 '
587 1146 590 1150 ,
725 1163 728 1166 .
789 1125 861 1169 καὶ
891 1127 1101 1179 γενναίως
1131 1123 1240 1182 πρὸς
1270 1124 1346 1170 τὸν
1379 1125 1516 1182 Τυφῶ
1545 1132 1678 1183 χωρεῖ
1704 1126 1778 1169 καὶ
1808 1122 1885 1181 τὴν
1915 1123 2096 1182 ἐριώλην

357 1206 434 1244 aut
459 1201 503 1245 in
532 1201 736 1246 Nubibus
767 1200 894 1259 (336)

788 1278 1039 1338 πλοκάμους
1069 1283 1120 1325 θ’
1139 1279 1468 1339 ἑκατογκεφάλα
1501 1282 1636 1339 Τυφό
1668 1279 1995 1339 πρημαινούσας
2026 1297 2071 1325 τε
2101 1283 2313 1333 θυέλλας,

356 1371 540 1415 quorum
567 1356 621 1402 de
648 1365 800 1403 neutro
834 1358 1066 1418 quicquam
1093 1359 1264 1405 detrahi
1292 1366 1457 1419 potest3
1495 1367 1538 1404 et
1566 1358 1682 1419 quod
1709 1359 1774 1405 ibi
1804 1358 1963 1418 Τυφώς
1989 1359 2216 1405 fabulosus
2246 1359 2416 1416 dicitur,
2446 1360 2517 1404 cui

356 1452 516 1481 nomen
532 1437 718 1482 alterum
739 1438 895 1484 similis
915 1438 993 1484 sed
1009 1439 1210 1498 propriae
1232 1439 1563 1499 significationis
1584 1439 1801 1496 adiicitur,
1820 1447 1967 1484 tamen
1988 1439 2096 1484 haec
2116 1455 2206 1484 non
2228 1439 2271 1483 vi
2294 1438 2382 1484 alia
2404 1454 2517 1484 com-

355 1523 577 1574 ponuntur
597 1531 727 1576 quam
748 1516 794 1561 in
815 1515 1066 1576 Lysistrata
1086 1517 1172 1562 duo
1193 1518 1370 1578 propria

1073 1595 1250 1657 μεγάλῳ
1282 1598 1404 1658 τυφῷ
1435 1599 1509 1641 καὶ
1538 1598 1758 1656 πρηστῆρι.

353 1673 414 1718 Et
441 1674 481 1719 si
506 1674 616 1719 haec
642 1674 727 1719 duo
755 1690 935 1720 necesse
962 1683 1030 1720 est
1056 1677 1152 1735 ipso
1175 1676 1349 1721 vindice
1369 1675 1665 1735 Aristophane
1692 1676 1979 1731 obtineamus,
2014 1690 2159 1720 nonne
2190 1677 2383 1720 vicissim
2411 1677 2517 1720 bina

354 1753 534 1797 nomina
553 1753 818 1798 videbuntur
838 1755 954 1799 binis
976 1755 1123 1799 verbis
1144 1755 1367 1814 suppetias
1388 1755 1512 1811 ferre,
1536 1770 1590 1798 ne
1611 1754 1924 1813 aequabilitate
1941 1754 2140 1811 neglecta
2159 1753 2345 1798 alterum
2366 1770 2515 1798 eorum

353 1830 616 1876 abiiciatur‘?
654 1830 744 1876 Sed
769 1833 999 1877 verborum
1025 1833 1211 1877 alterum
1232 1832 1450 1891 Hesychii
1476 1833 1773 1877 testimonium
1802 1832 2075 1891 proscripsit:
2110 1833 2186 1890 qui
2213 1848 2324 1890 quae
2353 1834 2516 1891 scripta

352 1916 456 1954 sunt
484 1910 532 1954 in
559 1909 722 1968 codice,
754 1913 1047 1967 γογγυλετνε
1081 1920 1348 1972 συστρεφετν,
1378 1927 1467 1956 non
1494 1910 1682 1971 scripsit,
1717 1910 1795 1955 sed
1816 1918 1892 1954 aut
1918 1910 2034 1970 quod
2063 1908 2258 1956 Cobetus
2290 1912 2515 1970 proposuit

350 1987 676 2044 γογγύλλεινε
699 1993 951 2050 συστρέφειν
977 1999 1053 2035 aut
1072 1991 1217 2036 minus
1239 1991 1524 2050 probabiliter
1549 1990 1610 2035 M.
1632 1986 1903 2035 Schmidti'us
1929 1989 2228 2045 γόγγυλσινε
2257 1990 2513 2050 συστροφήν.

352 2066 441 2113 Sed
471 2068 556 2114 hoc
586 2076 684 2115 utut
713 2077 792 2127 est,
825 2069 1077 2129 Hesychius
1107 2086 1226 2116 nunc
1256 2069 1433 2130 quidem
1464 2086 1549 2115 non
1582 2059 1768 2114 eandem
1799 2069 1920 2114 verbi
1948 2069 2134 2114 formam
2161 2085 2271 2129 quae
2300 2076 2367 2114 est
2397 2069 2514 2128 apud

351 2148 692 2208 Aristophanem
727 2151 890 2209 posuit,
929 2150 974 2193 id
1001 2150 1119 2209 quod
1149 2150 1225 2194 ille
1253 2165 1462 2209 persaepe
1494 2150 1599 2194 facit
1624 2157 1669 2194 et
1701 2151 1916 2207 originem
1948 2150 2194 2207 glossarum
2230 2149 2392 2208 prodit,
2435 2150 2513 2194 sed

350 2228 534 2274 verbum
562 2228 706 2288 ipsum
734 2228 806 2274 vel
830 2226 889 2286 (si
917 2226 1086 2287 tamen)
1115 2244 1276 2274 nomen
1303 2229 1357 2274 de
1384 2229 1518 2274 verbo
1545 2228 1791 2274 derivatum
1818 2244 1917 2274 cum
1944 2229 2235 2287 explicatione
2264 2229 2511 2287 adscripsit.

350 2304 568 2362 Quocirca
587 2306 697 2353 haee
716 2306 859 2352 redire
880 2306 937 2352 ad
957 2307 1300 2367 Aristophanem
1323 2322 1413 2352 non
1432 2314 1523 2352 tam
1542 2306 1729 2352 fidenter
1749 2308 1968 2352 affirmare
1988 2308 2105 2366 licet,
2135 2322 2265 2367 quam
2295 2308 2339 2351 in
2364 2307 2511 2350 multis

348 2385 685 2448 Aristophaneis
713 2401 825 2447 quae
851 2357 1102 2447 Hesychius
1128 2394 1341 2432 recenset.
1389 2386 1476 2432 Sed
1503 2401 1582 2431 nos
1610 2386 1764 2431 damus
1792 2387 1888 2445 hoo,
1919 2387 2133 2447 Hesychii
2160 2388 2352 2446 glossam
2380 2401 2509 2445 posse

347 2471 568 2527 sumptam
594 2482 692 2511 esse
720 2482 775 2511 ex
804 2466 1116 2526 Aristophane.
1163 2465 1282 2522 Quid
1312 2473 1405 2511 tum
1435 2466 1616 2526 postea?
1662 2464 1858 2511 Cobetus
1885 2474 2017 2526 negat
2041 2468 2143 2511 fieri>
2171 2481 2312 2526 posse,
2348 2476 2395 2509 ut
2423 2466 2507 2509 duo

347 2546 482 2590 verba
511 2546 746 2590 coniuncta
771 2544 887 2605 apud
913 2545 1257 2604 Aristophanem
1284 2544 1458 2603 fuerint,
1493 2561 1675 2604 quorum
1708 2532 1893 2590 alterum
1920 2546 2047 2590 alteri
2080 2546 2337 2604 explicando
2364 2545 2506 2602 Hesy-

347 2625 470 2670 chius
492 2616 706 2682 adhibuit,
736 2625 813 2670 sed
834 2615 1081 2670 necessario
1103 2624 1451 2670 concludendum
1472 2641 1579 2680 esse,
1609 2624 1955 2683 Aristophanem
1978 2643 2063 2670 uno
2085 2625 2217 2669 verbo
2241 2624 2503 2680 defunctum,

344 2705 529 2751 alterum
551 2721 608 2750 ex
628 2705 724 2763 ipso
744 2703 971 2763 Hesychio
997 2704 1186 2765 primum
1211 2704 1584 2763 interpretamenti
1611 2704 1709 2750 loco
1737 2705 1996 2764 appositum,
2027 2704 2127 2750 dein
2150 2720 2248 2750 cum
2276 2708 2349 2749 καί
2374 2703 2504 2762 parti-

344 2784 444 2829 cula
470 2790 592 2830 textu
626 2789 850 2844 receptum
877 2799 987 2830 esse.
1035 2781 1111 2829 Sic
1137 2783 1212 2828 ille
1239 2791 1284 2828 et
1315 2784 1517 2829 similiter
1543 2784 1668 2829 multi
1703 2784 1756 2829 de
1783 2784 1995 2843 Hesychii
2031 2799 2111 2829 usu
2143 2784 2402 2828 iudicarunt.
2442 2785 2505 2828 At

343 2878 424 2908 nos
452 2878 537 2922 quo
565 2863 739 2922 saepius
767 2870 812 2908 et
836 2862 1048 2908 intentius
1075 2860 1292 2923 Hesychii
1317 2862 1491 2908 lexicon
1518 2878 1757 2920 versamus,
1794 2878 1845 2908 eo
1872 2863 2012 2921 magis
2041 2862 2239 2907 dubitare
2267 2863 2500 2921 coepimus,

344 2955 474 3001 quam
502 2941 618 2987 iusta
644 2942 704 2987 sit
728 2941 838 2987 haec
864 2941 1098 3000 conclusio,
1134 2942 1203 2987 cui
1232 2949 1348 2987 certe
1381 2941 1518 2986 multa
1550 2940 1747 2986 videmus
1782 2941 2017 2986 adversari.
2066 2941 2166 2985 Non
2195 2947 2392 2985 nostrum
2422 2948 2501 2997 est,

342 3021 425 3065 fila.
438 3021 613 3080 penitus
636 3021 888 3078 dissolvere,
905 3022 1064 3081 quibus
1086 3021 1170 3065 hoc
1190 3036 1300 3080 opus
1322 3028 1571 3065 contextum
1592 3022 1670 3077 sit3
1692 3022 1738 3065 id
1754 3021 1869 3080 quod
1891 3036 1991 3078 spes
2008 3027 2076 3063 est
2090 3020 2344 3078 propediem
2360 3036 2387 3063 a
2402 3020 2504 3063 doc-

512 3144 549 3192 2)
574 3146 681 3185 Idem
699 3147 846 3195 τυφῶνα
862 3144 902 3183 in
920 3143 1169 3184 adnotatione
1186 3144 1439 3194 compluribus
1457 3144 1653 3193 congestis
1671 3144 1871 3194 explicuit3
1898 3143 2021 3183 sedin
2038 3143 2193 3183 scholiis
2211 3155 2294 3183 eum
2313 3144 2363 3183 ad
2379 3156 2415 3183 v.
2432 3145 2504 3183 973

339 3210 435 3268 liaeo
459 3215 538 3252 ext.
554 3211 750 3267 adscripta
767 3210 847 3250 sint
863 3211 926 3255 ‘-,
949 3210 1067 3260 τυφὸς
1090 3212 1129 3250 δί
1154 3211 1175 3258 ἦ
1195 3214 1236 3250 ἐκ
1258 3209 1541 3264 ἀναθυμιάσεως
1564 3212 1623 3259 τῆς
1644 3214 1711 3262 γῆς
1727 3225 1905 3262 συστροφη
1928 3212 2018 3268 πρὶν
2041 3211 2295 3259 ἐπικυρωθῆναι
2316 3212 2379 3248 τὸν
2400 3212 2503 3261 ἀέρα,

340 3276 478 3316 delude
494 3278 545 3316 ad
560 3278 634 3316 9⁷4
656 3278 728 3316 int.
751 3276 903 3330 μεγάλᾳ
926 3277 1098 3324 micon,
1122 3278 1218 3316 haee
1241 3278 1351 3316 nobis
1376 3279 1480 3326 (nam
1498 3278 1780 3316 Ruthersordus
1805 3277 1981 3325 ambigit)
2008 3277 2242 3324 probabilius
2260 3277 2437 3315 videntur
2453 3279 2503 3315 ad

337 3347 510 3396 πρηστῆρι
532 3355 646 3393 quam
669 3345 720 3384 ad
741 3361 786 3397 μ,
802 3346 903 3395 mnf
926 3344 1135 3394 pertinere.
1165 3345 1225 3383 Cf.
1239 3343 1390 3383 Scholia
1404 3344 1453 3383 -in
1472 3345 1518 3383 A.
1532 3343 1794 3391 Lysistratam
1820 3344 1879 3382 ed.
1902 3355 1925 3382 a
1943 3344 1986 3382 G.
2004 3344 2112 3383 Steiu
2133 3344 2362 3393 (Gottingae
2384 3346 2502 3391 1891).

2162 3417 2213 3454 2·
