2930 3847
1423 148 1481 195 16

365 267 527 314 Cobeti
553 269 756 327 exemplo
783 269 974 328 aperuit,
996 283 1098 316 cum
1123 269 1190 315 ita
1213 268 1414 314 diceret‘
1425 271 1615 325 nuum,
1643 283 1776 329 quem
1799 269 1973 330 peperit
1995 269 2218 330 mma
2243 267 2391 330 quale
2397 267 2538 315 Βοὴ.

362 346 535 391 Anecd.
564 362 608 405 p.
630 347 692 391 34
725 347 886 404 legitur
919 347 1224 407 δηροπίθηοος
1256 346 1281 391 ὅ
1307 348 1540 402 ὃξαπωῦν
1573 348 1651 393 οὖν
1684 348 1840 407 δῆμον,
1870 347 2038 400 delevit
2062 346 2241 408 Bergk?
2295 344 2540 408 Phryniehi

364 425 484 484 quod
520 424 631 469 dicit
660 425 980 482 testimonium,
1013 426 1140 471 cuius
1170 426 1341 484 integra
1376 427 1513 472 verba
1550 424 1663 471 haee
1694 432 1802 471 sant
1839 425 2220 486 δήμοπῐθῃός·
2257 424 2283 472 ὃ
2308 422 2540 480 m

365 503 441 550 τὸν
467 504 613 562 δῆμον
641 506 718 548 καὶ
747 502 974 550 θεοποιίαν
1001 505 1262 557 κολακικοῖς,
1298 509 1387 549 no‘n
1418 495 1657 564 praeteriit
1673 519 1731 549 ne
1760 505 2008 564 superiores
2046 503 2227 586 quidem
2262 504 2536 563 interpr-too,

363 582 673 641 Fritzschium,
705 582 999 641 Diudorlium,
1033 584 1115 630 sed
1140 599 1193 630 eo
1218 584 1286 630 usi
1312 599 1402 630 non
1428 590 1533 630 sunt
1556 582 1604 629 in
1630 582 1749 629 hunc
1775 582 1967 640 modum,
1994 598 2084 630 noa
2109 583 2252 642 magis
2269 580 2404 643 qu'am
2425 589 2539 642 quae

363 663 580 722 interpres
605 662 804 710 Graecus
831 662 889 709 a'd
914 661 1043 710 illum
1069 679 1245 710 versum
1272 662 1513 722 adnotavit,
1541 676 1673 724 quem
1697 660 2020 716 Eutheriordus
2044 661 2093 709 in
2118 659 2271 710 codice
2290 658 2538 710 Ravennati

364 757 498 801 super
525 740 797 799 βωμολόχων
826 742 1029 801 posuisse
1064 744 1369 801 συκοφαντῶν,
1399 743 1457 787 ad
1487 756 1660 787 versum
1692 747 1840 786 autom
1865 741 1986 788 1085
2016 743 2114 788 ἄν·
2132 739 2211 789 ὢν
2234 741 2381 802 δῆμον
2404 743 2539 788 κολο-

365 818 580 866 κευόντυν
604 821 680 864 καὶ
704 817 958 865 πειθόντων
983 820 1202 871 adiecisse
1221 825 1428 879 testatur-3
1459 820 1535 882 qui
1562 826 1608 865 et
1631 818 1729 880 ipse
1748 835 1806 866 ex
1823 820 1974 867 nescio
2001 836 2090 882 qua
2107 819 2391 868 adnotatione
2411 819 2538 867 scho-

364 899 520 944 liastae
555 899 752 958 spurium
786 914 918 958 quem
951 898 1060 944 dicit
1101 915 1275 945 versum
1309 900 1430 946 1086
1460 897 1780 954 &amedu-⁴7
1809 897 1889 944 τόν
1919 899 2058 959 δᾷιον
2088 895 2194 960 [ἀεί]
2231 900 2414 946 fluxisse
2446 900 2538 959 opi·

363 984 511 1034 natur3
544 977 591 1022 id
620 976 736 1037 quod
765 977 895 1022 nobis
918 976 1047 1023 valde
1067 993 1167 1023 esse
1187 977 1441 1036 ambiguum
1468 977 1654 1037 videtur,
1681 977 1968 1037 quoniam'ex
1986 979 2087 1025 istis
2109 978 2371 1046 scholiastae
2392 978 2538 1024 verbis
2625 992 2628 995 ⁴

364 1058 404 1102 is
425 1072 580 1102 versus
602 1056 754 1115 effingi
774 1072 863 1102 non
884 1058 1029 1116 potuit
1047 1063 1094 1102 et
1112 1072 1225 1116 quae
1244 1063 1474 1116 praeterea
1492 1057 1624 1103 fuerit
1642 1056 1868 1104 adnotatio
1888 1057 1993 1104 sciri
2012 1056 2101 1103 no'n
2122 1065 2286 1117 potest:
2318 1059 2406 1104 nisi
2424 1057 2538 1103 forte

364 1136 433 1180 vir
459 1135 616 1179 doctus
635 1135 690 1179 in
717 1135 986 1179 contrarium
1011 1136 1307 1191 ratiocinatur,
1337 1135 1444 1194 quia
1469 1149 1623 1181 versus
1651 1135 1827 1195 spurius
1853 1136 1926 1191 sit,
1960 1150 2013 1181 eo
2039 1151 2131 1182 non
2159 1138 2289 1197 posse
2314 1137 2410 1182 fieri
2432 1136 2537 1195 quin

365 1215 461 1260 eius
483 1215 621 1259 verba
645 1214 809 1259 fuerint
835 1215 882 1258 in
903 1214 1170 1260 scholiastae
1196 1214 1502 1260 adnotatione:
1533 1229 1620 1275 quo
1640 1215 1782 1273 magis
1808 1221 2020 1275 appareat
2044 1214 2230 1261 libidine
2249 1216 2335 1275 agi,
2364 1230 2452 1261 non
2472 1216 2537 1260 iu·

367 1294 482 1338 dicio
504 1309 557 1338 ac
577 1294 760 1338 ratione.
797 1293 917 1337 Illud
946 1309 1050 1338 vero
1070 1294 1317 1352 speciosum
1339 1301 1419 1352 est,
1443 1294 1560 1353 quod
1580 1309 1692 1353 quae
1721 1294 1858 1339 verba
1882 1301 1987 1339 sunt
2005 1294 2054 1339 in
2075 1309 2206 1340 versu
2235 1295 2353 1341 1086
2379 1293 2536 1340 iisdem

365 1388 504 1431 paene
525 1372 827 1431 Phrynichum
853 1372 1162 1430 δημοπίθηιιον
1188 1371 1387 1416 videmus
1406 1372 1698 1431 interpretari.
1735 1371 1800 1417 Ut
1818 1372 1860 1417 si
1878 1371 1919 1417 is
1940 1372 2095 1418 versus
2115 1371 2428 1432 Aristophanis
2449 1388 2536 1418 non

366 1457 451 1509 est,
487 1450 729 1496 habeamus
761 1457 879 1496 certe
911 1450 1028 1496 unde
1060 1466 1114 1495 ea
1144 1452 1278 1496 verba
1307 1450 1353 1496 in
1388 1458 1562 1510 poetam
1594 1450 1809 1497 translata
1837 1450 2050 1497 dicamus.
2098 1448 2189 1497 Sed
2220 1449 2335 1498 sitne
2365 1451 2537 1498 Aristo·

365 1529 565 1589 phaneus
586 1545 643 1574 an
664 1544 755 1574 non
776 1529 847 1587 sit,
870 1528 990 1574 haud
1010 1529 1155 1574 facilis
1176 1528 1433 1574 diiudicatio
1453 1536 1535 1575 est.
1566 1515 1846 1589 Phrynichus
1867 1543 1966 1575 cum
1988 1529 2097 1575 haec
2117 1528 2204 1575 duo
2224 1535 2361 1589 ponat
2386 1526 2412 1574 ὃ
2431 1528 2539 1583 ἰξα-

365 1612 519 1654 πατόν
543 1607 620 1654 τὸν
646 1608 784 1667 δῆμον
816 1614 861 1653 et
887 1606 1110 1654 θωπεύων
1134 1609 1388 1665 κολακικοῖς,
1423 1608 1507 1654 hoc
1533 1609 1626 1667 agit
1651 1615 1819 1668 aperte,
1854 1615 1904 1653 ut
1929 1615 2161 1669 utrumque
2194 1608 2387 1656 declaret
2413 1614 2459 1654 et
2483 1607 2539 1654 ad

365 1690 505 1747 δῆμον
531 1688 639 1747 quid
659 1688 877 1746 pertineat
903 1688 1208 1746 δημοπίθηκος
1232 1696 1277 1732 et
1303 1703 1382 1732 cur
1402 1692 1589 1747 πίθηκος
1609 1687 1866 1747 appelletur,
1893 1688 2024 1748 plane
2043 1687 2102 1733 ad
2127 1703 2227 1733 eum
2254 1688 2431 1733 modum
2453 1703 2539 1747 quo

366 1754 497 1826 paulo
524 1773 627 1825 post
653 1767 996 1824 δειπνοπίθηιος
1024 1766 1226 1811 definivit
1253 1766 1279 1811 ὁ
1299 1767 1480 1812 δείπνου
1506 1770 1634 1811 ἔνεκα
1659 1767 1903 1825 πιθφιίζυν
1926 1769 2002 1812 καὶ
2021 1765 2331 1813 &maumam
2356 1767 2541 1819 κόλακος

365 1844 540 1903 τρόπον.
584 1845 636 1889 In
671 1860 757 1904 quo
791 1845 975 1889 consilio
1002 1851 1051 1889 ut
1078 1845 1198 1902 prius
1233 1851 1545 1903 exsequeretur
1577 1859 1677 1888 cum
1704 1844 1816 1889 nihil
1843 1845 1984 1902 magis
2011 1844 2217 1889 idoneum
2250 1844 2380 1902 esset,
2409 1859 2538 1904 quam

366 1941 478 1982 quae
508 1925 647 1968 verba
677 1932 781 1968 sunt
811 1925 858 1968 in
889 1924 967 1967 illo
999 1940 1149 1979 versu,
1182 1921 1502 1976 ἰξαπαπόντων
1531 1922 1607 1967 τὸν
1637 1924 1775 1980 δῆμον
1804 1920 1896 1974 ἇεί,
1927 1931 2073 1967 umen
2105 1924 2162 1967 iis
2194 1940 2374 1968 usurum
2404 1924 2540 1968 fuisse

366 2003 701 2061 grammaticum
727 2002 1008 2060 negabimus,
1038 2002 1076 2047 si
1104 2018 1157 2047 ea
1182 2002 1230 2046 in
1256 2002 1459 2047 versibus
1486 2008 1641 2061 poetae
1666 2001 1866 2060 legisset,
1900 2002 2060 2061 quibus
2093 2003 2286 2061 glossam
2319 2020 2443 2049 suam
2470 2020 2540 2049 ac-

367 2087 539 2143 ceptam
574 2081 772 2128 ferebat?
824 2080 877 2128 Id
914 2097 996 2128 nos
1032 2080 1213 2128 minime
1249 2080 1405 2133 cadere
1441 2080 1489 2146 in
1524 2079 1643 2128 huuc
1676 2081 2011 2141 grammaticum
2046 2097 2349 2130 asseveramus
2385 2083 2540 2130 vel-eo

367 2163 568 2220 exemplo
601 2162 861 2218 confirmati,
896 2161 1013 2219 quod
1046 2176 1088 2219 p.
1110 2162 1170 2205 43
1203 2161 1371 2205 Anecd.
1394 2160 1535 2205 Bekk.
1558 2161 1717 2219 legitur

657 2240 1015 2298 θρύπτεσθαι·
1064 2239 1349 2297 &quites-9011.
1397 2239 1532 2298 ἄμφω
1563 2238 1773 2291 Εὔπολις·

1023 2316 1274 2376 ὥρᾳζομένη
1303 2320 1377 2364 καὶ
1409 2321 1702 2376 θρυπτομένη.
1981 2380 1984 2382 v

366 2398 586 2443 Nimirum
615 2412 728 2457 quae
756 2397 887 2442 ambo
917 2397 1153 2442 coniuncta
1177 2396 1344 2455 legerat
1371 2396 1488 2455 apud
1517 2395 1727 2456 Eupolin,
1763 2412 1913 2442 eorum
1946 2397 2085 2443 altero
2115 2398 2249 2443 utitur
2275 2406 2324 2443 ut
2350 2398 2543 2444 declaret

366 2479 567 2521 alterum.
613 2475 715 2531 Quo
745 2477 999 2521 testimonio
1029 2491 1162 2534 supra
1190 2477 1315 2520 nobis
1344 2476 1409 2520 nti
1435 2475 1597 2520 licebat
1628 2490 1728 2520 cum
1755 2476 1809 2520 de
1835 2477 1983 2521 verbis
2011 2475 2324 2536 Aristophanis
2357 2480 2540 2533 ξυγγογ-

364 2555 502 2609 γύλας
522 2557 596 2598 καὶ
617 2558 865 2612 ξυστρέψας
886 2561 931 2598 et
949 2553 1169 2614 Hesychii
1191 2554 1340 2610 glossa
1359 2554 1547 2598 alterum
1568 2555 1718 2598 eorum
1744 2569 1823 2613 per
1842 2555 2028 2598 alterum
2054 2554 2385 2613 interpretantis
2406 2557 2543 2616 ‘'verba

366 2634 650 2679 faciebamus.
694 2632 851 2693 Itaque
879 2633 945 2679 sic
973 2632 1207 2678 statuimus
1235 2631 1485 2678 testimonio
1515 2630 1774 2691 Phrynichi,
1810 2632 1926 2693 quod
1956 2631 2217 2693 explicando
2251 2631 2541 2695 aqi-omem

368 2713 522 2761 eadem
548 2729 688 2775 paene
713 2714 851 2760 verba
884 2711 1068 2760 adhibet
1094 2727 1207 2773 quae
1239 2712 1341 2759 huic
1374 2712 1473 2759 voci
1500 2711 1672 2760 adiecta
1702 2719 1805 2760 sunt
1836 2711 1952 2774 apud
1979 2710 2336 2776 Aristophanem,
2371 2720 2541 2762 tantum

367 2794 525 2840 abesse
553 2799 602 2839 ut
627 2792 667 2839 is
696 2808 849 2839 versus
875 2793 922 2839 in
952 2791 1135 2839 dubium
1164 2799 1353 2850 vocetur,
1385 2799 1433 2838 ut
1459 2792 1498 2837 ei
1528 2791 1695 2852 aliquid
1720 2791 1826 2839 fidei
1851 2798 2086 2839 accrescat.

587 2871 675 2918 Sed
704 2888 785 2918 nos
812 2873 1034 2919 nescimus
1063 2887 1150 2932 quo
1172 2872 1362 2918 maxime
1389 2877 1648 2931 argumento
1670 2871 1789 2918 ducti
1815 2872 1902 2917 viri
1927 2871 2047 2918 docti
2065 2885 2244 2936 yersum
2263 2872 2399 2935 istum
2421 2872 2541 2920 dam·

366 2953 582 3009 neverint,
613 2954 688 3011 qui
714 2953 915 3009 fortasse,
944 2952 1110 2997 omissa
1136 2951 1408 3008 grammatici
1426 2951 1674 3015 *notatione
1703 2952 1749 2996 in
1775 2953 1873 3011 ipso
1900 2950 2178 2997 offenderunt
2203 2952 2323 3012 quod
2349 2967 2450 2999 eum
2475 2954 2541 3000 in·

367 3031 642 3076 tolerabilem
664 3037 709 3075 et
730 3031 810 3076 hoc
829 3038 960 3090 poeta
979 3030 1211 3089 indignum
1231 3030 1413 3075 reddere
1435 3029 1668 3074 videretur.
1700 3031 1743 3075 A
1765 3030 1926 3090 quibus
1947 3031 2010 3075 ita
2030 3030 2327 3095 dissentimus,
2356 3041 2405 3078 ut
2423 3032 2543 3079 vide·

366 3128 492 3156 amur
517 3110 647 3156 nobis
668 3109 798 3155 huius
818 3116 974 3170 poetae
995 3108 1227 3155 consilium
1257 3118 1301 3154 et
1326 3109 1540 3159 rationem
1561 3108 1609 3155 in
1631 3109 1714 3155 hoc
1741 3108 1957 3156 versiculo
1983 3126 2072 3156 non
2092 3109 2265 3158 levibus
2287 3107 2543 3172 expressam

365 3190 567 3252 vestigiis
587 3189 950 3238 animadvertere.
997 3187 1087 3248 Qui
1115 3188 1233 3252 quod
1261 3189 1351 3237 illis
1377 3187 1646 3250 βωμολόχων
1672 3188 1990 3251 δημοπιθςιιων
2021 3190 2210 3239 subiecit
2234 3191 2344 3243 haec
2371 3193 2541 3249 ἰξαπα-

364 3270 541 3316 τοίντων
561 3271 636 3316 τὸν
657 3271 797 3330 dqpov
815 3268 902 3324 «iss,
923 3271 1084 3331 quibus
1106 3270 1280 3314 illorum
1301 3270 1370 3317 vis
1391 3276 1437 3315 et
1456 3270 1676 3314 sententia
1697 3269 1892 3330 apertius
1907 3269 2043 3316 etiam
2061 3278 2107 3316 et
2126 3272 2386 3331 explicatius
2406 3273 2542 3361 signi-

365 3352 535 3408 fioatur,
566 3366 743 3394 manum
772 3350 866 3394 eius
894 3349 1188 3408 agnoscimus,
1218 3348 1289 3392 cui
1315 3348 1387 3394 vel
1414 3347 1524 3393 haec
1549 3349 1734 3409 probata
1760 3356 1875 3407 sunt,
1903 3349 1950 3394 in
1969 3333 2133 3410 Vespis
2163 3351 2278 3396 1117
