2930 3847
1451 196 1509 241 14

399 316 498 362 Nisi
518 317 612 376 ‘qui
639 316 760 365 &rte
799 316 910 362 haec
946 316 1034 362 duo
1066 317 1202 363 verba
1232 331 1482 377 synonyma
1512 321 1661 377 utpote
1691 316 1906 362 inutiliter
1934 314 2156 369 cumulata
2181 313 2356 362 fastidit
2385 319 2431 359 et
2459 313 2574 361 banc

400 396 655 442 scabritiem
685 402 841 456 poetae
873 395 1154 442 eximendam
1186 395 1319 442 ducit.
1368 394 1647 456 Quamquam
1678 394 1750 441 vel
1782 395 1848 441 sic
1878 384 2133 442 decernenti
2160 391 2415 454 Hesychius
2445 407 2572 453 opem

398 477 513 520 ferre
544 492 635 521 non
666 476 819 535 possit.
867 474 956 520 Sed
988 474 1087 520 hoc>
1104 491 1184 534 par
1214 476 1449 521 verborum
1478 481 1524 520 et
1552 474 1694 519 forma
1723 480 1769 519 et
1787 474 1968 520 notione
1988 460 2211 530 similium,
2233 474 2479 530 ξοστρόψας
2499 474 2575 518 καὶ

400 553 697 610 ξυγγογγύλας
730 554 799 598 vel
828 554 1005 599 inverso
1036 551 1190 599 ordine
1221 553 1536 612 copulatorum,
1569 552 1676 613 quid
1706 559 1775 597 est
1793 551 1912 612 quod
1937 552 2085 598 minus
2105 537 2310 598 idoneum
2331 560 2408 597 aut
2427 551 2574 598 minus

400 633 629 678 tolerabile
660 632 880 677 iudicetur
909 646 1044 692 quam
1075 632 1146 677 vel
1177 632 1287 677 haec
1317 632 1365 676 in
1396 632 1549 677 eadem
1579 630 1731 677 fabula
1760 631 1850 678 585
1870 629 2076 687 ξυνάγειν
2093 632 2169 676 καὶ
2185 630 2494 688 συναθροίζειν
2512 632 2575 683 εἵς

400 715 469 766 ἔνς
500 711 589 756 577
621 711 719 761 τούς
748 727 799 765 γε
825 714 1163 768 συνεπομένους
1188 709 1362 762 τούτους
1382 713 1457 755 καὶ
1476 708 1574 762 τοὺς
1593 710 1830 761 πιλοῦντας
1849 708 2045 766 ἑαυτούς,
2065 710 2144 758 nbi
2165 709 2370 755 tralatum
2391 709 2574 754 verbum

399 790 575 848 proprio
608 789 873 847 adiungitur,
907 797 984 833 aut
1013 790 1062 834 in
1092 790 1256 849 Vespis
1287 789 1382 834 601*
1408 795 1515 835 οἵων
1544 790 1589 847 μ’
1608 785 1841 849 ἀποκλῄεις
1861 789 1936 832 καὶ
1954 785 2213 845 κατερύκεις,
2233 787 2305 833 vel
2323 786 2463 833 Ranis
2486 788 2573 833 703

398 869 438 911 εἲ
468 868 518 911 δὲ
549 868 660 912 τοῦτ’
681 864 1001 925 ὀγκωσόμεσθα
1030 864 1504 925 κάποσεμνυνούμεθα,
1535 874 1580 911 et
1608 867 1654 911 in
1682 865 1797 911 Paee
1820 865 1904 912 381
1940 868 1981 911 εἰ
2007 864 2068 924 μὴ
2096 864 2305 925 τετορήσω
2335 867 2471 911 ταῦτα
2501 867 2575 910 καὶ

398 944 644 1003 λακήσομαι
673 943 748 1001 (cf.
771 944 968 990 Acharn.
991 945 1114 1000 579),
1147 946 1236 991 alia
1266 945 1416 990 multa.
1461 945 1575 990 Nam
1601 944 1648 989 in
1670 944 1740 989 liis
1760 944 1912 1002 paucis
1933 944 2229 1000 subsistimus,
2252 959 2365 1003 quae
2384 944 2574 989 maxime

399 1023 716 1082 comparabilia
747 1022 953 1067 videntur
982 1022 1074 1068 illis
1105 1038 1218 1082 quae
1250 1038 1328 1068 suo
1348 1029 1503 1082 poetae
1525 1021 1811 1067 vindicamus.
1863 1019 2128 1067 Universum
2151 1021 2267 1087 enim
2288 1036 2428 1081 genus
2451 1022 2574 1067 uber·

398 1103 504 1147 tatis
538 1117 639 1147 vere
669 1099 844 1162 poetam
878 1101 1076 1147 decentis
1106 1101 1321 1147 latissime
1353 1108 1475 1161 patet
1505 1103 1637 1148 etiam
1667 1102 1713 1147 in
1735 1100 2049 1162 Aristophanis
2078 1101 2254 1159 fabulis,
2288 1102 2352 1147 sic
2383 1108 2431 1146 ut
2451 1116 2575 1161 prae-

399 1181 612 1226 tereundo
642 1181 824 1226 tractari
855 1196 943 1225 non
975 1181 1117 1240 possit
1148 1180 1226 1226 sed
1258 1181 1481 1240 propriam
1512 1181 1597 1226 sibi
1630 1180 1971 1240 disputationem
2001 1181 2208 1240 requirat.

619 1259 707 1306 Sed
736 1261 793 1305 ab
819 1259 889 1305 his
916 1258 1133 1319 Hesychii
1161 1259 1321 1318 glossis
1348 1261 1480 1306 toties
1510 1276 1647 1320 pravo
1673 1259 1858 1306 consilio
1884 1258 1941 1305 ad
1967 1259 2315 1306 emendationem
2349 1268 2575 1320 poetarum

398 1341 718 1400 scriptorumve
734 1337 1007 1385 Graecorum
1027 1338 1238 1384 adhibitis
1259 1355 1345 1384 non
1368 1338 1635 1385 discedimus
1657 1338 1911 1399 priusquam
1932 1338 2117 1385 alterum
2139 1339 2388 1400 exemplum
2406 1338 2574 1385 Aristo-

398 1419 620 1480 phaneum
649 1418 843 1464 breviter
873 1417 1250 1478 perstinxerimus.
1297 1417 1354 1462 In
1384 1417 1526 1463 Ranis
1556 1418 1673 1463 enim
1704 1432 1732 1462 a
1761 1433 1803 1463 v.
1819 1417 1911 1463 202
1933 1414 2112 1463 Charon
2142 1423 2189 1463 et
2207 1417 2436 1478 Dionysus
2465 1417 2576 1463 haec

397 1504 514 1544 inter
545 1514 593 1543 se
625 1504 897 1542 commutant
927 1497 1064 1541 verba

472 1577 476 1580 ’
974 1583 1023 1615 x.
1055 1571 1109 1619 οὗ
1137 1573 1199 1632 μὴ
1226 1573 1491 1632 φλυαρήσεις
1519 1574 1630 1631 ἔχων
1661 1571 1756 1620 ἀλλ’
1778 1571 1961 1631 ἀντιβὰς

1053 1654 1157 1710 ἔλᾷσ
1186 1651 1450 1711 nomme

1489 1735 1528 1766 A.
1561 1722 1672 1781 κᾷτα
1701 1724 1796 1777 πῦς
1827 1723 2069 1783 δυνήσομαι

1054 1803 1235 1861 ἄπειρος
1266 1800 1584 1855 ἀθαλάττωτος
1615 1800 1905 1862 ἀσαλαμίνιος

1054 1886 1118 1929 ὢν
1148 1887 1227 1929 εἶτ’
1245 1883 1467 1938 elacrem,-

399 1965 451 2007 In
485 1965 645 2022 quibus
676 1963 857 2021 ἄπειρος
888 1963 1116 2022 displicuit
1136 1963 1328 2007 Velseno
1361 1969 1407 2007 et
1436 1963 1540 2021 quia
1571 1962 1685 2021 apud
1712 1961 1989 2020 Hesychium
2019 1962 2107 2019 legi
2140 1961 2311 2006 viderat
2339 1959 2575 2007 ἀθαλάτ·

400 2052 573 2093 τωτος·
597 2041 776 2098 ἄπειρος
797 2043 1042 2085 θαλαττίου
1062 2043 1192 2093 πλοῦ,
1213 2049 1257 2084 et
1276 2056 1428 2084 rursus
1450 2038 1815 2097 ἀσαλαμίνιος·
1843 2039 2023 2097 ἄπειρος
2045 2038 2292 2097 θαλάσσης,
2311 2040 2415 2085 inde
2436 2041 2575 2098 suspi-

401 2128 524 2163 catus
552 2127 621 2163 est
645 2120 760 2163 hanc
786 2120 982 2177 glossam
1010 2136 1064 2163 ex
1087 2118 1313 2177 Hesychio
1339 2119 1387 2162 in
1409 2134 1585 2162 versum
1606 2118 1920 2178 Aristophanis
1942 2118 2111 2162 illatam
2131 2117 2401 2177 primitivam
2422 2134 2574 2162 vocem

400 2199 646 2253 extr-ivisse,
679 2206 833 2256 poetae
854 2213 958 2242 vero
984 2198 1172 2242 fortasse
1192 2197 1314 2241 reddi
1336 2213 1469 2256 posse
1489 2193 1562 2241 ἀεί
1579 2214 1640 2248 τις
1660 2213 1739 2255 pro
1760 2196 1951 2254 ἄπειρος.
1985 2195 2130 2252 Quam
2152 2197 2449 2242 coniecturam
2468 2196 2576 2241 Vel-

401 2277 498 2323 seni
529 2292 628 2322 cum
658 2276 694 2323 1.
717 2276 992 2323 Leeuwenus
1013 2282 1257 2322 memoratu
1278 2275 1456 2334 dignam
1478 2274 1631 2321 habuit
1650 2274 1788 2322 Ranis
1807 2291 1850 2322 a.
1873 2273 1992 2323 1896
2013 2273 2157 2334 editis,
2179 2281 2274 2321 tum
2294 2273 2493 2322 Kockius
2512 2275 2576 2322 ita

402 2363 577 2401 secutus
615 2363 701 2414 est,
740 2363 789 2400 ut
824 2370 903 2415 pro
943 2355 1125 2413 ἄπειρος
1161 2355 1312 2400 mallet
1342 2351 1516 2412 ἀγρεῖος
1547 2354 1589 2399 h.
1613 2370 1650 2400 e.
1673 2354 1861 2414 agrestis
1892 2355 2059 2414 reponi.
2107 2352 2194 2411 Qui
2229 2369 2326 2400 oum
2357 2353 2574 2415 Hesychii

401 2435 667 2479 mentionem
699 2449 788 2478 non
819 2434 956 2478 faciat
987 2440 1033 2478 et
1052 2448 1108 2478 ex
1129 2433 1306 2491 ἄπειρος
1327 2433 1502 2478 efficere
1524 2433 1697 2478 studeat
1716 2433 1830 2493 quod
1853 2434 2027 2492 apicum
2049 2432 2336 2478 similitudine
2358 2448 2575 2478 commen-

403 2514 541 2570 detur,
564 2513 748 2557 Velseni
780 2514 972 2557 rationes
1003 2513 1197 2557 fallimur
1227 2521 1303 2557 aut
1334 2528 1422 2557 non
1443 2519 1560 2557 recte
1581 2514 1762 2570 taxavit,
1785 2514 1862 2572 qui
1885 2506 2175 2558 Cobetianam
2196 2513 2409 2557 rationem
2430 2528 2575 2557 aemu-

402 2594 516 2636 latus
532 2592 748 2650 Hesychii
770 2593 940 2649 glossas
962 2592 1140 2650 plurimi
1160 2592 1276 2648 fecit,
1294 2609 1349 2636 ex
1365 2593 1526 2652 quibus
1547 2592 1814 2636 subditivam
1831 2606 1983 2636 vocem
2000 2592 2214 2647 originem
2229 2591 2407 2636 duxisse
2423 2592 2574 2637 voluit.

402 2672 495 2715 Nos
519 2672 555 2715 si
579 2671 683 2729 quid
707 2671 920 2729 exemplis
943 2686 1078 2730 supra
1098 2670 1293 2715 collectis
1315 2671 1539 2715 effecimus
1561 2670 1645 2715 hoc
1669 2669 1948 2715 statuendum
1966 2669 2283 2727 existimamus,
2300 2669 2572 2728 Hesychium

402 2750 599 2809 potuisse
630 2750 751 2794 illum
785 2749 963 2808 quidem
985 2764 1067 2794 sua
1092 2756 1249 2808 sponte
1276 2750 1322 2794 in
1349 2749 1481 2794 istam
1504 2749 1841 2808 explicationem
1862 2745 2573 2807 vocabulorum‘dssuldmtnc‘),

402 2830 693 2887 ασαλαμίνιος
723 2827 917 2872 incidere
948 2825 1081 2886 (nihil
1112 2833 1207 2872 erat
1227 2829 1343 2873 enim
1366 2827 1623 2887 simplicius,
1652 2828 1773 2873 velut
1792 2827 1988 2886 ἄφιπποι
2008 2826 2180 2873 dicito}
2199 2823 2389 2886 ἀπείρως
2407 2828 2576 2885 ἔχοντες

399 2905 610 2964 ἱππικῆς),
640 2906 717 2950 sed
739 2906 1011 2965 probabilius
1040 2921 1138 2951 esse
1166 2905 1345 2964 ἄπειρος
1372 2907 1417 2951 in
1447 2906 1547 2951 istis
1574 2906 1915 2966 interpretandis
1941 2906 2101 2964 glossis
2127 2907 2341 2964 posuisse,
2368 2907 2472 2966 quia
2492 2906 2576 2951 boc

399 2988 724 3044 ipsum·nomen
749 2986 795 3028 in
817 3001 947 3029 versu
961 2984 1187 3029 Ranarum
1208 2985 1387 3042 legerat.
1419 2983 1570 3040 Quare
1586 2985 1803 3043 Hesychii
1823 2986 1996 3043 glossae
2018 2986 2056 3030 si
2073 2984 2180 3043 quid
2201 2985 2479 3029 tribuendum
2502 2987 2573 3042 sit,

401 3064 673 3109 stabilivisse
705 3063 850 3122 potius
880 3063 1011 3108 istam
1044 3078 1197 3108 vocem
1229 3063 1441 3108 videatur.
1491 3060 1578 3107 Sed
1612 3063 1787 3109 omissis
1819 3063 1889 3108 his
1916 3063 2046 3121 nugis
2065 3061 2363 3121 Hesychianis
2383 3063 2425 3108 si
2444 3078 2575 3122 quae-

398 3143 527 3199 ritur,
562 3141 669 3201 quid
707 3141 766 3187 sit
801 3141 919 3201 quod
957 3140 1137 3199 ἄπειρος
1173 3141 1338 3187 criticis
1371 3156 1458 3186 non
1492 3142 1567 3186 uni
1600 3142 1675 3186 sed
1709 3142 1907 3201 pluribus
1939 3142 2208 3201 improbetur
2238 3148 2287 3186 ut
2316 3157 2395 3201 pro
2426 3143 2575 3203 spurio

401 3229 477 3266 aut
508 3221 747 3281 depravato
780 3220 989 3277 habeant,
1029 3221 1137 3282 quid
1173 3220 1566 3281 respondebimus?
1613 3218 1750 3278 Quid,
1783 3221 1870 3266 nisi
1901 3207 2087 3265 mirifice
2108 3219 2247 3265 videri
2270 3220 2421 3265 doctos
2442 3209 2574 3266 aluci-

619 3328 657 3375 ⁸)
682 3328 854 3366 Kockius
878 3326 1149 3373 ἀθαλᾰιπηος,
1174 3327 1273 3374 quod
1298 3332 1343 3365 nt
1367 3337 1441 3365 non
1468 3337 1655 3375 negamus
1679 3326 1877 3375 probabile
1895 3337 1992 3373 esse,
2018 3326 2076 3365 ita
2092 3325 2319 3375 ambigimus
2336 3338 2449 3374 quam
2465 3332 2573 3368 reete

399 3394 652 3439 ἀθαλάττωτος
673 3394 886 3434 reficiatur.
