2930 3847
1372 146 1402 190 9

303 265 507 326 potuerit,
540 263 763 310 difficilius
794 264 1037 324 dispicitur,
1061 265 1142 324 ‘qui
1165 280 1275 311 cum
1306 265 1482 322 diceret,
1514 264 1602 321 ἔνι’
1627 271 1675 310 σε
1700 263 1863 324 ποιήσω
1890 274 2171 325 τριηραρχεῖν,
2201 280 2256 309 ne
2284 266 2381 324 quis
2410 265 2463 309 de

255 344 257 346 ’
304 343 469 390 honore
494 343 688 389 muueris
715 343 937 401 cogitaret,
960 342 1076 403 quod
1098 343 1186 389 nisi
1205 342 1405 390 πλούσιοι
1423 346 1616 405 recipere
1636 359 1723 390 non
1745 351 1944 403 poterant
1963 343 2095 402 (Rau.
2116 341 2265 401 1065),
2295 343 2465 388 addidit

303 422 401 481 ipse
420 421 536 481 quod
558 422 749 466 maxime
769 423 998 481 spectabat
1015 429 1062 467 et
1086 437 1174 482 qua
1198 430 1324 482 parte
1344 423 1558 482 imprimis
1580 423 1718 482 premi
1746 426 1921 482 cuperet
1947 424 2144 480 alterum,
2173 420 2464 467 ἀναλίσκοντα

304 502 391 546 τῦν
421 500 597 552 σαυτοῦ,
627 499 712 544 hoc
742 515 795 545 ea
824 508 971 545 mente
1001 515 1089 560 qua
1118 501 1235 546 infra
1262 502 1310 545 in
1340 502 1515 559 gemina
1545 502 1786 548 minatione
1816 502 1925 546 dicit
2316 506 2320 508 ’
2351 506 2355 509 ’

1025 578 1179 633 δυ’ωις
1205 581 1307 637 ipo)
1320 579 1473 638 καλὴν
1501 582 1640 639 δίκην,

1024 657 1259 718 ἰπούμενος
1287 665 1382 710 ταῖς
1411 659 1652 717 εἰσφοραῖς.

875 737 965 783 925
1025 736 1111 794 2723
1138 737 1225 796 γὰρ
1255 740 1317 791 dc
1346 736 1448 791 τοὺς
1477 723 1708 791 ,ἑκουσίους

1023 814 1192 862 σπεύσω
1222 818 1265 863 α’
1279 817 1398 869 dm
1426 818 1484 863 ἀν
1513 818 1745 880 ὃγγραφῇς.

304 893 365 939 Et
382 907 647 952 quamquam
670 892 750 940 hae
771 900 817 938 et
836 893 938 940 illae
969 895 1115 942 minae
1145 894 1479 941 ridiculaesunt
1507 897 1555 942 in
1580 895 1894 952 allantopolam
1924 895 2064 939 iactae
2094 902 2140 938 et
2169 896 2225 938 ab
2257 895 2342 939 hoc
2368 896 2462 939 iure

303 971 502 1018 ridentur
526 978 572 1017 et
596 971 901 1031 exploduntur,
932 979 1083 1020 tamen
1101 973 1212 1019 haec
1231 974 1475 1020 minitantis
1496 975 1644 1021 animo
1671 982 1715 1018 et
1735 974 1911 1031 ingenio
1932 974 2251 1019 conveniebant
2276 975 2462 1032 egregie.

303 1050 461 1111 Itaque
487 1066 544 1105 ex
570 1050 653 1096 hac
679 1059 805 1110 parte
836 1052 1101 1110 ambigimus
1134 1058 1264 1112 quam
1297 1053 1413 1098 iuste
1444 1053 1654 1100 tollantur
1686 1054 1822 1098 verba
1853 1050 2145 1098 ἀναλίσκοντα
2176 1054 2262 1097 τῶν
2288 1056 2463 1098 σαυτοῦ.

304 1133 368 1176 At
386 1137 535 1176 tamen
555 1131 664 1176 haec
684 1140 948 1190 quamquam
967 1138 1069 1190 apte
1089 1138 1135 1177 et
1154 1132 1320 1178 utiliter
1343 1132 1516 1177 adnecti
1543 1133 1843 1191 superioribus
1864 1132 2079 1188 videntur,
2104 1147 2201 1175 cum
2231 1132 2388 1190 quibus
2416 1132 2463 1175 in

305 1227 437 1257 unam
457 1218 502 1256 et
521 1211 763 1257 orationem
781 1217 827 1255 et
853 1211 1117 1257 seutentiam
1144 1211 1397 1257 coalescunt
1417 1211 1638 1270 (poterant
1665 1212 1782 1256 enim
1805 1212 1913 1255 haec
1939 1227 2018 1269 per
2045 1227 2094 1256 se
2120 1218 2321 1255 constare
2342 1210 2464 1255 nulla

302 1297 359 1336 re'
372 1289 558 1348 amplius
579 1288 731 1336 addita
749 1288 837 1344 ἐγώ
857 1303 905 1335 σε
923 1287 1090 1348 ποιήσω
1109 1299 1379 1348 τριηραρχεῖν
1398 1287 1688 1337 ἀναλίσκοντα
1707 1292 1794 1335 τῶν
1815 1287 2012 1345 σαυτοῦ),
2036 1289 2142 1348 quid
2164 1290 2286 1334 iuvat
2307 1289 2402 1343 hoc,
2425 1289 2464 1333 si

304 1376 421 1429 quae'
435 1369 723 1428 insequuntur
748 1367 887 1415 nihilo
912 1369 1060 1417 minus
1083 1368 1163 1415 illa
1183 1384 1280 1416 esse
1307 1370 1545 1416 reiicienda
1567 1369 1787 1426 evincunt,
1820 1368 2021 1415 παλαιᾶν
2041 1370 2153 1415 ναῦν
2180 1366 2315 1424 ἔχοντ’
2331 1371 2393 1420 εἰς
2414 1369 2465 1421 ἣν

303 1444 484 1493 ἀναλῶν
504 1445 584 1492 οῦκ
602 1447 799 1505 ἐφέξειςῖ
830 1444 907 1492 Sic
927 1447 1120 1493 sensisse
1139 1447 1340 1494 Kockius
1360 1448 1543 1506 videtur,
1576 1449 1651 1508 qui
1673 1449 1735 1493 ita
1755 1448 1932 1504 iudicat,
1965 1448 2005 1493 si
2024 1454 2143 1493 recte
2163 1448 2462 1505 intelligimus,

304 1525 408 1585 quia
434 1525 721 1570 subiiciantur
748 1525 857 1570 haec
887 1527 948 1577 εἰς
978 1525 1032 1584 ἣν
1062 1523 1272 1572 ἀναλοῦν
1300 1523 1380 1572 οὔκ
1409 1527 1591 1585 ἐφέξεις,
1622 1526 1692 1571 his
1724 1541 1811 1571 nou
1842 1526 2039 1586 apposite
2073 1526 2294 1584 praemitti
2326 1540 2464 1585 paene

304 1604 487 1650 eandem
509 1605 553 1649 in
576 1605 837 1649 sententiam
870 1602 1218 1650 ἀναλίσκοντα
1250 1607 1336 1650 τῶν
1366 1608 1539 1651 σαυτοῦ.
1580 1604 1683 1661 Qua
1709 1607 1755 1649 in
1782 1622 1829 1650 re
1856 1622 1936 1650 nos
1963 1606 2026 1650 ita
2053 1606 2319 1664 quaerimus:
2353 1621 2464 1664 quae

303 1683 422 1728 mala
441 1690 544 1728 suut
564 1689 716 1742 suapte
737 1690 904 1739 natura,
934 1698 1042 1728 eane
1062 1691 1247 1743 possunt
1268 1684 1398 1729 certis
1426 1684 1758 1729 condicionibus
1787 1685 1917 1729 etiam
1941 1685 2090 1743 peiora
2115 1684 2241 1728 fieri?
2278 1681 2326 1728 Si
2356 1701 2464 1742 τριη·

304 1767 462 1820 ραρχία
487 1778 574 1807 non
602 1768 746 1822 potest
771 1777 868 1808 esse
895 1762 990 1807 sine
1016 1763 1140 1821 gravi
1166 1763 1230 1808 rei
1258 1762 1485 1808 familiaris
1518 1762 1755 1822 impendio,
1791 1770 2032 1822 possuntne
2066 1764 2257 1808 rationes
2292 1764 2464 1821 excogi-

303 1842 400 1899 tari,
430 1842 590 1901 quibus
616 1841 699 1886 hoc
726 1841 995 1901 impendium
1021 1842 1317 1887 necessarium
1346 1843 1478 1887 etiam
1499 1842 1676 1899 gravius
1704 1849 1750 1887 et
1767 1843 2057 1901 perniciosius
2084 1842 2242 1886 evadat
2269 1844 2327 1901 τῷ
2355 1859 2464 1900 τριη-

303 1921 562 1980 ραρχοῦντιῗ
593 1919 721 1976 Quod
751 1921 790 1966 si
816 1926 895 1977 est,
924 1920 1028 1979 quid
1055 1920 1324 1979 impediebat
1348 1921 1581 1979 quominus
1591 1920 1835 1980 Paphlago,
1859 1936 1988 1980 quem
2009 1920 2092 1965 hoc
2114 1936 2242 1979 agere
2265 1921 2463 1966 videmus

305 2007 354 2045 ut
377 2000 712 2045 terribilissimis
745 1999 877 2043 minis
909 1999 958 2043 in
984 2006 1194 2044 terrorem
1225 1999 1431 2044 coniiciat
1462 1999 1788 2058 allantopolam,
1822 2007 2053 2058 postquam
2089 2016 2181 2044 rem
2214 2001 2464 2045 universam

303 2079 570 2137 significavit
609 2094 742 2138 quam
777 2093 826 2123 se
860 2077 1150 2137 perfecturum
1183 2079 1425 2138 profitetur,
1462 2076 1626 2137 ποιήσω
1664 2094 1712 2124 σε
1749 2086 2019 2137 τριηραρχεῖν
2056 2076 2347 2124 ἀναλίσκοντα
2378 2081 2464 2124 τῶν

303 2159 480 2211 σαυτοῦ,
510 2158 794 2215 subiungeret
822 2156 1033 2202 rationem
1065 2156 1344 2217 peculiarem,
1376 2172 1463 2216 qua
1490 2172 1537 2202 se
1570 2157 1702 2216 quod.
1720 2172 1894 2217 semper
1920 2157 2184 2203 horrendum
2210 2165 2306 2203 erat
2332 2158 2464 2202 etiam

303 2237 555 2282 horribilius
586 2236 858 2281 redditurum
882 2235 1110 2293 indicaret,
1141 2235 1342 2281 παλαιάν
1367 2238 1479 2281 ναῦν
1504 2236 1660 2291 ἔχοντα
1690 2239 1753 2287 εἷς
1779 2237 1832 2294 ἢν
1858 2235 2038 2282 ἀναλῶν
2065 2234 2145 2280 οῦκ
2169 2238 2368 2294 ἐφέξειςῗ
2405 2237 2465 2281 Et

304 2314 414 2360 haec
439 2330 552 2373 quae
578 2314 688 2363 dicit
717 2311 927 2359 ἀναλόν
956 2310 1035 2359 οῦκ
1063 2314 1232 2372 ἐφέξεις
1261 2314 1468 2373 quoniam
1499 2329 1555 2358 ne
1586 2325 1773 2373 possunt
1806 2315 1982 2373 quidem
2016 2316 2124 2360 satis
2158 2316 2344 2373 intelligi
2378 2316 2464 2360 nisi

232 2403 234 2405 ’
304 2392 857 2451 ωοωίοοιίετριηραρχίας
885 2392 969 2439 hoc
999 2401 1110 2448 esse,
1143 2389 1393 2437 ἀναλίσκειν
1412 2391 1466 2436 τὰ
1486 2391 1671 2444 ἑαυτιῖν,
1703 2408 1780 2437 cur
1807 2392 1917 2437 adeo
1943 2393 2316 2451 reprehendimus,
2346 2393 2464 2451 quod

304 2470 387 2516 hoc
422 2469 538 2530 quod
574 2485 662 2514 nou
700 2475 844 2529 potest
877 2485 965 2515 non
1005 2469 1137 2514 simul
1175 2469 1359 2528 cogitari
1397 2470 1616 2528 expressis
1651 2470 1798 2515 verbis
1833 2470 2031 2515 additum
2064 2470 2269 2529 legimus,
2304 2485 2356 2514 ac
2381 2485 2462 2514 nos

303 2532 481 2609 quidem
506 2549 571 2594 ita
594 2549 821 2605 sentimus,
851 2549 908 2593 ab
934 2548 1024 2592 illis
1045 2563 1156 2607 quae
1177 2554 1281 2592 sunt
1304 2546 1596 2594 ἀναλίσκοντα
1621 2549 1709 2593 τοῖν
1736 2550 1896 2593 σαυτοῦ
1922 2549 2194 2593 commodius
2222 2550 2462 2593 orationem

302 2628 506 2687 progredi
530 2627 591 2672 ad
615 2627 734 2673 haec·
749 2625 929 2673 ἀναλῶν
953 2624 1031 2673 οῦκ
1056 2627 1242 2686 ἐφέξεις,
1273 2642 1404 2687 quam
1432 2634 1479 2670 ut
1503 2626 1574 2672 his
1600 2628 1758 2686 positis
1784 2628 1864 2672 illa
1889 2628 2018 2673 malis
2044 2629 2200 2672 abesse
2209 2628 2266 2681 ⁸).

518 2703 608 2753 Sed
638 2713 755 2752 esto:
786 2720 929 2769 neque
959 2706 1076 2751 enim
1107 2705 1272 2751 diutius
1298 2706 1347 2750 in
1374 2705 1445 2751 his
1475 2705 1678 2752 versibus
1709 2706 1937 2765 exigendis
1969 2707 2318 2763 immorabimur,
2353 2723 2460 2766 quos

303 2793 472 2833 tantum
507 2800 596 2832 non
618 2786 978 2846 ,praetermittere
1014 2784 1288 2843 volebamus,
1325 2792 1500 2845 propter
1534 2801 1588 2832 ea
1621 2801 1735 2845 quae
1772 2786 1979 2846 deinceps
2016 2786 2178 2832 similia
2215 2787 2460 2832 exsecuturi

303 2881 467 2911 sumus.
513 2863 629 2910 Sunt
658 2865 777 2910 enim
809 2880 960 2910 versus
987 2862 1264 2924 Lysistratae

1143 2966 1147 2968 ·
1224 2939 1263 2987 εἶ
1292 2942 1380 2988 Ζεῦ
1407 2943 1494 2987 Ζεῦ
1523 2950 1527 2953 ”

936 3019 1026 3066 εἴθ’
1048 3016 1187 3078 αῦτὴν
1212 3018 1359 3078 ὥσπερ
1387 3018 1487 3072 τοὺς
1515 3019 1698 3079 θυμοὺς

937 3099 1113 3160 pendis?
1144 3100 1267 3160 τυφῷ
1297 3095 1401 3158 [καὶ
1431 3100 1678 3158 πρηστῆρι

518 3210 556 3259 ⁸)
582 3209 637 3250 Ne
661 3210 925 3250 insimulemus·
946 3188 1030 3249 'rem
1053 3209 1321 3259 gravissimam
1345 3207 1664 3260 praetermisisse,
1689 3209 1759 3247 hoe
1784 3208 1958 3247 addimus
1982 3208 2024 3246 in
2043 3207 2290 3247 adnotatione
2307 3208 2463 3258 perbre-

301 3276 422 3325 viter,
452 3278 613 3317 duorum
634 3277 920 3327 participiorum
944 3288 1042 3325 quae
1066 3277 1119 3316 sit
1140 3277 1240 3317 ratio
1265 3277 1466 3316 obscurum
1489 3288 1565 3315 non
1590 3288 1676 3316 esse
1702 3282 1743 3315 et
1767 3277 1960 3315 cumulare
1984 3276 2190 3324 participia
2218 3276 2465 3325 Aristophani

301 3354 483 3392 perquam
506 3344 696 3384 familiare
720 3343 852 3393 ωηο.

2125 3416 2149 3452 2
