2930 3847
1380 156 1438 201 13

575 267 579 270 ’
616 275 852 337 Euripides
883 276 1195 324 Troad.1182
1254 283 1325 323 ’σοι
1352 276 1600 336 βοστρύχων
1630 276 1867 336 Πλύκαμον
1896 279 2100 373 κεροῦμαι

616 355 870 416 Hesychius
929 355 1116 412 γύαλα
1162 360 1398 415 θησαυροί,
1429 366 1585 419 ταμιεῖα

616 433 850 495 Euripides
882 435 1095 496 Androm.
1130 437 1246 482 1093
1305 437 1467 493 χρυσοῦ
1493 441 1681 494 γέμοντα
1712 435 1872 491 γύαλα,
1902 435 2154 495 θησαυροὺς
2183 438 2351 493 βροτῶν

615 513 868 574 Hesychius
929 513 1110 573 δαρόν·
1157 517 1328 573 μακρὸν
1356 513 1515 573 χρόνον

616 591 856 652 Sophocles
886 594 1013 639 Aiac.
1044 594 1134 638 414
1194 592 1337 639 πολύν
1365 610 1421 651 με
1450 594 1588 651 δαρόν
1617 610 1662 637 τε
1684 626 1695 636 .
1719 626 1731 637 .
1752 593 1908 650 χρόνον

615 670 867 731 Hesychius
928 671 1192 723 διαύλους·
1232 671 1408 723 στενοὺς
1437 671 1594 724 τόπους

614 736 849 809 Euripides
880 749 1038 795 Troad.
1069 751 1162 795 435
1222 748 1369 796 στενὸν
1403 750 1584 796 δίαυλον
1614 749 1789 811 ᾤκισται

615 828 866 888 Hesychius
928 829 1205 887 διοίκησις·
1248 828 1274 888 ἢ
1305 826 1524 882 ἇνοὲλωσις
1553 831 1639 875 νῦν
1669 828 1899 887 χρημάτων

613 907 864 968 Xenophon
896 907 1079 954 Memor.
1099 921 1148 954 xv
1169 910 1210 965 6,
1237 909 1294 953 14
1354 909 1404 954 έν
1431 910 1513 966 μὲν
1541 908 1773 968 χρημάτων
1803 907 2003 966 διοικήσει

614 986 865 1047 Hesychius
927 986 1099 1034 ἄοινα·
1144 986 1258 1045 ἱεροί,
1289 986 1343 1032 τὰ
1374 989 1448 1033 καὶ
1477 986 1673 1049 νηφάλια

614 1066 864 1126 Aeschylus
894 1066 1079 1113 Eumen.
1116 1067 1201 1112 107
1261 1065 1370 1123 χοοίς
1399 1069 1434 1111 τ’
1454 1064 1644 1120 ἀοίνους,
1675 1066 1870 1126 νηφάλια
1900 1067 2175 1124 μειλίγματα.

325 1144 451 1190 Haec
479 1160 561 1190 nos
593 1144 829 1203 selegimus
858 1160 915 1190 ex
944 1144 1081 1190 multo
1111 1145 1310 1204 pluribus
1330 1152 1375 1190 et
1401 1146 1467 1190 sic
1492 1145 1610 1190 nuda
1628 1145 1752 1189 nulla
1770 1152 1920 1190 nostra
1941 1144 2221 1190 adnotatione
2243 1151 2370 1188 aucta
2390 1159 2483 1202 pro·

324 1222 541 1282 ponimus,
570 1236 833 1283 quamquam
854 1237 1003 1268 eorum
1023 1223 1216 1268 rationes
1237 1238 1325 1268 non
1348 1238 1485 1283 usque
1506 1237 1678 1283 quaque
1698 1223 1876 1268 eaedem
1899 1230 2014 1281 sunt,
2037 1223 2115 1268 sed
2136 1223 2220 1266 hoc
2241 1238 2326 1266 non
2349 1223 2484 1280 fugiet

324 1300 634 1359 intelligentes,
668 1303 744 1361 qui
774 1303 1029 1361 praesertim
1060 1308 1240 1348 teneant
1263 1302 1368 1361 quid
1389 1304 1619 1361 probatum
1640 1318 1804 1346 eamus.
1853 1302 1976 1346 Haec
1996 1303 2129 1359 igitur
2151 1303 2227 1360 qui
2247 1302 2485 1345 studiosius

324 1381 628 1440 recognoverit
663 1388 708 1425 et
743 1380 1032 1441 perspexerit,
1063 1382 1289 1438 fatebitur,
1329 1382 1574 1440 opinamur,
1614 1397 1673 1426 ex
1703 1382 1757 1426 iis
1790 1396 1901 1440 quae
1933 1388 2033 1425 sunt
2065 1381 2180 1438 apud
2213 1380 2485 1438 Hesychium

322 1458 593 1515 γογγύλλειν·
627 1463 877 1518 συστρέφειν
907 1460 1054 1518 colligi
1085 1475 1172 1504 non
1203 1476 1333 1519 posse
1354 1460 1695 1519 Aristophanem
1727 1476 1815 1504 non
1849 1475 1901 1504 ea
1921 1460 2006 1504 duo
2028 1460 2164 1504 verba
2184 1460 2482 1515 connexuisse,

325 1553 436 1597 quae
468 1554 557 1583 non
589 1539 724 1583 semel
755 1538 835 1583 sed
865 1538 935 1583 bis
967 1537 1084 1598 apud
1114 1554 1214 1583 eum
1234 1538 1282 1584 in
1302 1538 1428 1584 libris
1450 1539 1625 1599 quidem
1645 1539 1889 1598 composita
1908 1538 2125 1597 leguntur,
2148 1540 2393 1596 ξυστρέψας
2412 1539 2486 1582 καὶ

324 1616 617 1673 ξυγγογγύλας
650 1618 718 1662 vel
749 1619 966 1662 contrario
997 1617 1150 1663 ordine
1182 1614 1293 1677 [συγ]
1300 1617 1515 1674 γογγύλας
1542 1620 1615 1663 καὶ
1642 1622 1905 1675 συστρέψας,
1927 1618 2004 1663 sed
2025 1617 2312 1676 Hesychium,
2336 1633 2484 1677 quam-

323 1711 455 1755 quam
484 1694 738 1751 γογγύλλειν
767 1696 1043 1755 interpretari
1076 1699 1326 1756 συστρέφειν
1358 1697 1489 1741 etiam
1521 1697 1633 1742 ultro
1665 1698 1707 1741 ei
1739 1698 1785 1741 in
1812 1705 2004 1742 mentem
2026 1697 2174 1742 venire
2195 1697 2349 1755 potuit,
2372 1697 2486 1741 sicut

323 1790 455 1834 saepe
486 1775 530 1819 in
563 1774 782 1820 similibus
813 1774 1058 1835 συστροφάς
1088 1775 1280 1835 appellat
1309 1772 1384 1833 (cf.
1407 1772 1562 1829 ἄελλα,
1593 1776 1786 1832 ἔριωλαί,
1818 1776 1974 1828 δετναι,
2006 1774 2149 1834 al.)*),
2179 1785 2324 1819 tamen
2347 1776 2485 1820 credi·

324 1854 456 1899 bilius
487 1869 585 1899 esse
617 1870 668 1898 eo
694 1840 1078 1914 interpretamento
1101 1855 1165 1898 uti
1186 1855 1288 1914 quia
1308 1855 1416 1898 haec
1437 1856 1532 1914 ipsa
1553 1855 1669 1914 apud
1691 1856 2032 1914 Aristophanem
2054 1856 2286 1898 coniuncta
2306 1855 2483 1911 legerat.

321 1933 475 1993 Itaque
489 1932 703 1992 Hesychii
725 1949 859 1979 causa
879 1933 991 1979 nihil
1010 1940 1106 1979 erat
1125 1933 1242 1994 quod
1264 1939 1510 1978 moveretur
1529 1935 1575 1978 in
1599 1934 1745 1979 verbis
1767 1917 2093 1993 Aristophanis,
2116 1949 2172 1978 ne
2193 1941 2284 1977 tum
2307 1934 2485 1992 quidem

321 2013 358 2057 si
390 2013 511 2071 ipsas
542 2012 704 2057 formas
731 2013 962 2071 posuisset,
990 2011 1205 2068 γογγύλας
1223 2009 1453 2070 (συγγογ.)·
1486 2017 1744 2070 συστρέψας,
1768 2013 1928 2057 nedum
1949 2028 2066 2057 nunc
2087 2028 2185 2057 cum
2207 2029 2317 2072 quae
2339 2015 2486 2072 posuit

320 2087 591 2145 γογγύλλειν·
613 2094 865 2150 συστρέφειν
878 2091 1071 2136 habeant
1085 2091 1131 2136 id
1146 2092 1304 2137 incerti
1321 2091 1437 2150 quod
1454 2091 1658 2136 diximus.
1692 2090 1840 2147 Quare
1858 2094 1922 2137 sic
1937 2093 2150 2136 rationem
2168 2092 2481 2149 concludimus,

321 2170 633 2228 Aristophanis
664 2171 811 2226 verba,
844 2177 1018 2229 recepta
1048 2171 1255 2214 nimirum
1285 2187 1313 2215 a
1334 2169 1503 2215 Cobeto
1529 2177 1725 2215 correcta
1750 2172 1875 2215 verbi
1895 2172 2035 2215 forma
2054 2170 2347 2225 ξυγγογγύλας
2367 2168 2483 2226 (συγ·

318 2246 566 2305 γογγύλας),
589 2248 839 2307 ceteroquin
860 2254 979 2294 recte
1000 2248 1133 2294 scribi
1156 2248 1271 2294 sicut
1289 2248 1502 2294 librorum
1522 2249 1736 2294 memoria
1756 2249 1918 2294 tradita
1937 2256 2039 2295 ante
2062 2247 2279 2295 Cobetum
2301 2249 2481 2294 circum·

319 2326 582 2382 ferebantur,
614 2326 662 2371 in
691 2326 940 2385 Lysistrata

1178 2404 1322 2462 ὥσπερ
1352 2403 1451 2456 τούς
1481 2405 1662 2463 θωμοὺς

966 2483 1145 2543 μεγάλῳ
1176 2487 1299 2544 τυφῷ
1328 2489 1401 2528 καὶ
1432 2486 1636 2542 πρηστῆρι

967 2564 1214 2620 ξυστρέψας
1243 2563 1318 2606 καὶ
1347 2560 1642 2618 ξυννονγύλας

967 2645 1104 2698 οἴχοιο
1135 2644 1282 2700 φέρων

318 2721 365 2765 iu
396 2720 859 2781 Thesmophoriazusis
895 2726 1038 2765 autem

1327 2796 1437 2842 κατὰ
1467 2799 1543 2841 τοῦ
1571 2800 1759 2854 θριγκοῦ

970 2873 1304 2934 [σύγ]γογγυ’λας
1333 2879 1407 2921 καὶ
1437 2877 1758 2933 συστρέψας**)

966 2957 1081 3001 τουτὶ
1110 2953 1159 3000 τὸ
1190 2958 1293 3007 πέος
1322 2956 1568 3012 χοανεῦσαι.

534 3099 572 3150 *)
596 3098 776 3141 00ηήπί
798 3102 957 3148 pmuut
982 3098 1098 3137 etiam
1122 3103 1355 3149 στρομβοῖ·
1386 3102 1589 3150 συστρέφεις
1622 3105 1880 3148 στροβησαι·
1910 3101 2122 3147 συστρέψαι;
2156 3097 2394 3149 στρόμρος·
2420 3115 2480 3138 συ-

318 3168 454 3220 orm&
477 3170 626 3215 ἇνέμου,
648 3168 771 3207 multa
795 3167 948 3206 simili&

533 3233 594 3281 0)
618 3234 665 3272 In
689 3232 845 3273 scholiis
860 3233 1033 3272 Ravenn.
1049 3231 1148 3281 qnod
1172 3232 1222 3271 ad
1246 3244 1281 3272 v.
1294 3233 1341 3270 61
1366 3236 1444 3271 ext.
1469 3231 1701 3281 adscriptum
1727 3236 1788 3271 est
1812 3229 2033 3281 ωψκάμψας
2058 3229 2278 3281 (evracri-pac)
2302 3232 2480 3271 videatur

318 3304 478 3349 propter
499 3303 697 3352 συστρέψας
723 3299 939 3349 appositum
962 3310 1064 3338 esse:
1089 3310 1177 3337 nam
1200 3299 1301 3346 quod
1316 3299 1598 3337 Ruthertordus
1614 3302 1728 3347 putat
1744 3299 1841 3336 hanc
1858 3309 1944 3336 esse
1961 3298 2129 3345 glossam
2147 3298 2197 3335 ad
2214 3298 2478 3348 συγγογγύλας,

317 3366 417 3414 quod
441 3366 532 3405 olhn
556 3366 740 3416 scriptum
764 3365 884 3405 fuerit
907 3377 976 3413 pro
1002 3376 1047 3404 eo
1072 3365 1171 3412 quod
1196 3375 1296 3404 nune
1321 3369 1383 3404 est
1405 3364 1445 3403 in
1471 3364 1551 3403 cod.
1566 3368 1795 3415 γογγυλίσας,
1821 3363 2015 3412 probabile
2039 3374 2115 3402 non
2140 3368 2213 3403 est.

1021 3841 1046 3847 n„
1057 3833 1249 3847 -μῇῳμᾼζ-Ᾰι-
1257 3838 1322 3847 ,μγμ-
1332 3829 1437 3847 μαψ-μζ,
